3025 4934
581 382 869 434 Auum..
901 381 1100 432 ἿῙΒΤ.
1148 381 1399 432 ὙΙΒΟΒ·
1427 382 1787 436 ILLUS'I'B«
1827 384 1995 433 cAP.
2044 384 2243 437 XXV.

288 524 555 587 fuedant,
590 504 711 575 eum
730 531 739 538 ’
758 530 983 589 regnum
1038 521 1357 587 affectasset,

289 603 570 653 damnatas
597 607 923 667 necatusque
942 599 1061 651 est.'
1128 599 1264 650 Vide
1290 600 1357 650 Τ.

288 680 407 730 Liv.
440 679 535 729 lib.
559 692 637 729 vs.
658 678 726 727 ab
746 679 816 728 U.
845 680 908 729 C.
976 675 1115 728 Illud
1139 685 1359 727 extrem.

289 770 411 820 cap.
428 755 476 820 (⁸
495 769 564 804 ne
589 755 705 820 quis
727 769 778 817 p.
793 754 968 818 Capit.
981 752 1205 818 vocar.')
1222 754 1359 817 glos-

288 845 433 882 sema
450 838 537 881 est
557 832 687 895 eJus,
719 831 806 896 qni
830 831 957 881 illud
979 831 1171 884 Manlii
1189 845 1360 893 cocao·

288 923 399 958 m
449 908 907 977 interpretandum
962 907 1184 971 putavit.
1268 907 1358 958 Sic

288 983 407 1034 fere
425 998 459 1033 a
480 981 655 1048 fungis
681 985 780 1034 illis
799 984 1071 1035 audaciter
1087 991 1220 1035 vett.
1244 984 1358 1049 qui·

287 1059 493 1125 busque
509 1060 833 1123 auctoribus,
857 1069 915 1110 ut
955 1061 1046 1110 llle
1069 1060 1165 1126 ait,
1183 1062 1200 1090 ‘
1224 1071 1358 1111 unus

290 1143 348 1188 et
382 1137 521 1197 alter
566 1137 798 1186 assuitur
835 1136 1073 1201 pannus?
1134 1137 1359 1188 Constat

289 1222 466 1266 autem
514 1213 686 1263 Marci
728 1227 1032 1278 pmnomen
1069 1222 1254 1278 postea
1305 1214 1359 1264 in

287 1296 449 1352 gente
467 1289 670 1342 Manlia
713 1290 897 1339 tulisse
933 1291 1226 1352 neminem;
1260 1289 1358 1341 Cs-

286 1366 499 1431 piteliai
514 1380 643 1415 vero
655 1380 938 1427 cognomen
959 1372 1076 1429 post
1089 1380 1204 1415 eam
1218 1366 1360 1416 diens

288 1443 561 1511 plurimos.
596 1442 790 1494 Senon.
857 1443 1002 1491 Nihil
1022 1442 1177 1505 hujus
1219 1443 1360 1504 peri·

284 1518 387 1574 odi,
398 1520 660 1569 sincerum
676 1524 788 1580 est,
806 1518 906 1568 nisi
929 1515 1071 1569 forte
1095 1531 1193 1568 vox
1220 1518 1360 1580 prin-

289 1608 437 1658 ceps.
490 1595 844 1645 Consulantur
861 1600 1000 1644 notia
1018 1594 1221 1645 Scbotti
1243 1609 1360 1645 nos-

289 1673 380 1727 tri,
402 1661 527 1721 nam
550 1678 608 1721 et
642 1670 918 1721 Palatinus
939 1670 1361 1733 mgnoninejura·

286 1748 377 1802 ott.
412 1748 572 1800 aaut.
641 1749 710 1797 Et
728 1748 803 1798 sic
823 1763 1026 1814 qaoque
1045 1750 1216 1801 nostri
1252 1764 1361 1799 om-

287 1839 407 1886 nes,
444 1827 536 1891 qni
573 1826 700 1874 nibil
740 1827 920 1876 anxilii
959 1826 1043 1877 bic
1085 1826 1358 1878 adferuntt

288 1917 388 1966 pro
431 1909 684 1953 uocaretur
726 1903 878 1953 Leid.
927 1908 975 1954 1.
1022 1904 1362 1956 nominaretur.

289 1980 535 2029 Fortasse
558 1978 758 2029 Noster
779 1994 1034 2042 cognomen
1066 1980 1243 2043 posuit
1268 1994 1362 2044 pro

286 2062 305 2085 “
325 2055 687 2119 praenomine,'
735 2071 853 2121 quae
896 2072 979 2106 res
1022 2059 1361 2121 glossatorem

288 2132 509 2184 insciam
525 2133 581 2182 in
591 2147 819 2184 errorem
838 2133 1078 2191 abduxit,
1095 2145 1152 2185 ut
1176 2135 1242 2187 de
1266 2150 1362 2186 suo

290 2210 589 2271 liberalior,
609 2226 762 2275 quam
788 2226 884 2274 par
903 2220 1040 2276 erat,
1063 2214 1279 2263 adderet
1301 2228 1361 2264 ne

288 2286 584 2348 qaispouea
607 2286 910 2350 Capitolinus
928 2293 1193 2337 uocaretur.
1228 2290 1356 2338 Por·

290 2374 357 2420 te
375 2361 477 2410 boc
501 2375 801 2423 prenomen
827 2362 1158 2426 repudiatum
1181 2379 1294 2415 esse
1327 2380 1360 2414 a

289 2434 491 2486 familia
517 2438 828 2488 Manliorum
856 2441 1095 2504 patricia,
1113 2455 1216 2491 non
1235 2445 1360 2491 ver'o

292 2526 330 2563 a
350 2513 584 2576 plebeia,
605 2515 657 2563 iu
682 2530 785 2581 qua
808 2517 968 2566 etiam
993 2525 1170 2581 postea
1191 2519 1360 2569 Marci

292 2584 634 2654 asstiterant,
679 2593 846 2642 voluit
905 2594 1247 2657 spanhemius
1291 2595 1359 2647 de

293 2663 493 2718 Praest.
526 2668 689 2717 Num.
710 2668 837 2718 diss.
860 2682 919 2718 x.
943 2684 995 2733 p.
1015 2674 1099 2722 38.
1130 2672 1306 2723 Arata.

360 2742 500 2792 Car.
533 2755 673 2793 xxv.
742 2745 771 2809 ς
807 2749 833 2793 1
871 2745 1045 2809 Fidei]
1083 2748 1255 2799 Credo
1292 2762 1361 2798 ex

291 2817 634 2870 similitudine
658 2822 800 2871 vocis
832 2821 1160 2873 Fidenatium
1182 2823 1361 2875 fictum

293 2909 429 2954 esse,
449 2896 591 2961 quod
617 2898 767 2962 quasi
798 2899 1080 2964 conjugata
1113 2901 1220 2951 sint
1253 2902 1364 2951 dia-

291 2972 642 3035 hcticerum3
675 2974 769 3025 sed
802 2975 1000 3026 Fidena
1032 2978 1250 3040 primam
1272 2992 1363 3028 ex-

294 3051 470 3104 tendit
489 3050 764 3116 syllabam,
784 3060 970 3103 contra
984 3061 1145 3119 atque
1164 3056 1181 3083 ⁸
1195 3053 1366 3106 fides!

291 3125 501 3178 Auctor
522 3128 752 3179 Carisius
774 3129 864 3190 lib.
883 3144 964 3181 tv.
992 3138 1047 3181 et
1077 3131 1364 3182 Diomedes

294 3206 482 3257 Gram-
518 3206 613 3256 lib.
633 3221 699 3257 11.
729 3208 817 3272 qui
841 3208 892 3257 in
914 3209 1015 3259 boc
1035 3208 1240 3273 Virgilii
1274 3209 1365 3259 he-

292 3282 556 3334 mistichia
592 3284 910 3348 ‘urbemque
943 3285 1222 3335 Fidenam’
1249 3283 1364 3335 fleri

290 3360 547 3419 συστολὴν
566 3361 620 3410 in
640 3360 811 3425 pn‘ma
826 3362 1025 3427 syllaba
1039 3363 1204 3412 alunt.
1237 3364 1364 3413 Cer-

292 3442 350 3486 te
381 3437 439 3486 in
475 3436 611 3485 Mas.
639 3446 939 3487 constanter
957 3438 1076 3502 lego
1110 3435 1364 3489 Fidenates

291 3519 481 3564 seems
495 3513 817 3563 Rosam-ram
833 3514 1019 3564 hasten
1043 3523 1188 3565 recte
1206 3532 1219 3562 ε
1246 3529 1362 3565 nam

293 3604 459 3640 annos
480 3590 703 3652 amplius
723 3594 838 3641 824.
858 3591 1088 3653 assidue,
1116 3592 1226 3654 jam
1250 3606 1364 3655 sep·

294 3669 482 3722 timum
507 3669 808 3720 rebellando
829 3673 958 3722 victi
977 3679 1115 3729 sunt,
1140 3679 1202 3722 nt
1224 3671 1360 3737 apud

294 3746 413 3795 Liv.
435 3745 531 3795 lib.
555 3759 632 3798 tv.
677 3748 975 3800 Mamercus
998 3749 1232 3799 AEmilius
1255 3752 1364 3801 dic-

296 3829 441 3874 tator
462 3824 514 3871 in
538 3822 770 3873 oratione
801 3837 897 3873 sna
926 3831 1170 3875 testatur.
1236 3827 1365 3878 Qui-

294 3897 575 3962 damvulg.
594 3898 964 3965 fideiRomanae
976 3901 1144 3952 hostes.
1176 3902 1364 3953 Schot-

295 3980 401 4026 ιιι.
465 3973 732 4038 Scriptum
785 3973 1010 4026 fortasse
1063 3976 1237 4027 fuerat
1289 3980 1366 4029 rei

298 4048 626 4099 mmmm
653 4050 828 4099 hostes.
891 4051 997 4102 Sed
1031 4065 1134 4102 non
1164 4053 1362 4104 abeun-

298 4125 421 4175 dum
445 4140 476 4175 a
497 4126 630 4175 Mss-
662 4127 826 4176 Anna.
891 4129 1002 4192 Ego
1017 4129 1069 4178 in
1088 4128 1238 4179 nullis
1257 4144 1365 4180 me·

300 4216 447 4252 orum
478 4201 607 4254 illud
635 4208 818 4253 veteres
842 4204 1035 4268 reperi,
1057 4220 1153 4256 nec
1173 4206 1367 4256 doctis·

302 4280 636 4331 sima-Annae
667 4280 970 4345 conjectura
1001 4284 1212 4348 placere
1243 4283 1366 4335 milri

2361 370 2496 442 652¹

1431 531 1630 591 potest,
1650 541 1766 578 can
1789 540 1892 580 nen
1913 527 2074 580 sciam
2089 528 2221 582 alibi
2244 528 2495 580 Nostrum

1430 602 1506 652 ita
1545 602 1701 668 loqui,
1741 611 1801 654 ut
1845 602 2018 653 ‘rem'
2051 612 2209 667 ponat
2255 618 2352 666 pro
2381 608 2496 656 ‘re-

1432 677 1682 741 publica:
1723 686 1782 730 et
1821 679 2125 731 insolentior
2167 679 2238 730 sit
2280 680 2497 745 locutio,

1431 754 1550 810 ‘res
1574 754 1962 813 Romanorum,’
1996 772 2112 806 cum
2135 757 2222 807 alii
2258 757 2273 785 ‘
2293 772 2374 809 res
2395 758 2497 814 Ro,-

1431 844 1585 880 mana
1602 828 1616 852 '
1650 830 1863 893 dicant;
1894 839 1954 881 ut
1977 832 1991 860 ‘
2012 832 2251 882 Moribus
2274 833 2498 896 antiquis

1432 914 1541 957 stat
1579 921 1662 957 res
1702 908 1942 958 Romana
1977 907 2242 973 virisque.’
2308 909 2498 973 Neque

1434 990 1607 1036 tamen
1631 997 1696 1033 ex
1722 984 1813 1033 illo
1830 983 1959 1049 fidei
1983 984 2284 1034 commodus
2315 999 2496 1038 sensus

1430 1061 1665 1124 exsculpi
1690 1068 1864 1124 potest
1884 1076 1900 1121 ς
1935 1076 2115 1127 qnare,
2129 1063 2171 1111 si
2191 1059 2500 1125 conjectura

1429 1137 1691 1188 sanandus
1727 1138 1797 1188 sit
1831 1140 1990 1202 locus,
2013 1152 2109 1200 ego
2144 1136 2353 1201 quidem
2389 1139 2496 1190 vel·

1431 1213 1530 1263 lem
1548 1215 1731 1264 assidui
1751 1214 2067 1266 Romanorum
2083 1215 2274 1274 hostes,-
2309 1221 2366 1263 ut
2391 1216 2498 1278 pr't·

1430 1305 1516 1342 ma
1551 1291 1752 1357 syllaba
1786 1307 1817 1342 a
1855 1292 2273 1355 precedentibus
2312 1292 2500 1345 litteris

1429 1376 1535 1420 ates
1567 1371 1635 1420 sit
1665 1371 1931 1435 absorpta.
1995 1369 2281 1426 ‘Assiduus
2305 1370 2503 1430 bostis'

1430 1451 1534 1505 est,
1554 1446 1642 1512 qui
1665 1444 1967 1511 frequenter
1992 1445 2134 1496 bella
2166 1454 2361 1496 movet.
2412 1447 2502 1500 Li.

1431 1522 1543 1571 vius
1582 1535 1650 1572 ιι.
1684 1525 1768 1572 48.
1809 1520 2033 1572 ‘Veiens
2068 1521 2226 1571 bostis
2260 1520 2498 1572 assiduus

1431 1598 1613 1663 magis,
1669 1612 1824 1663 quam
1881 1597 2089 1663 gravis-³
2170 1609 2359 1647 xxxii.
2416 1602 2499 1661 19,-

1431 1673 1446 1701 ‘
1466 1673 1723 1724 Terrebat
1744 1689 1834 1724 eos
1863 1674 2305 1731 Lacedaemonius,
2329 1673 2502 1736 gravis

1432 1756 1487 1798 et
1504 1749 1741 1801 assiduus
1763 1750 1963 1801 bostis)
2021 1751 2202 1801 Florus
2226 1764 2269 1801 1.
2290 1754 2377 1799 12.
2400 1751 2430 1814 §
2455 1756 2502 1808 1.

1434 1833 1449 1858 ⁶
1466 1825 1683 1876 Assidui
1707 1842 1833 1877 vero
1859 1834 1917 1878 et
1950 1827 2289 1878 anniversarii
2322 1827 2501 1877 hostes

1433 1903 1499 1954 ab
1538 1904 1749 1954 Etruria
1787 1902 1940 1953 fuere
1976 1900 2272 1952 Veientes?
2338 1902 2499 1952 Ovid-

1433 1994 1498 2031 ex
1523 1981 1683 2032 Pom.
1703 1982 1875 2044 Epist.
1900 1995 1937 2031 ι.
1961 1985 2011 2031 8.
2031 1995 2105 2029 vs.
2129 1987 2179 2030 5.
2220 1982 2236 2009 ⁴
2251 1978 2498 2034 ,Vivimus

1434 2058 1659 2109 assiduis
1682 2065 1929 2124 expertes
1949 2059 2097 2122 pacis
2120 2057 2172 2105 in
2197 2055 2368 2111 armis,
2390 2054 2502 2108 nu-

1432 2148 1494 2184 ra
1529 2135 1828 2198 pharetrato
1863 2134 2003 2184 bella
2042 2140 2286 2182 movente
2323 2129 2503 2186 Geta?

1433 2211 1520 2261 Sic
1553 2213 1568 2241 ‘
1589 2210 1795 2261 assidua
1817 2209 1984 2260 bella'
2018 2210 2157 2273 apud
2185 2209 2297 2258 Liv.
2322 2221 2400 2257 vr.
2422 2212 2504 2260 12.

1433 2286 1633 2340 Justin.
1656 2300 1732 2337 vt·
1752 2290 1803 2337 6.
1827 2288 1855 2351 ς
1876 2290 1927 2337 2.
1975 2292 1992 2318 ⁴
2007 2285 2232 2337 Assidna
2256 2285 2501 2334 certanti·

1432 2362 1531 2412 na’
1568 2364 1693 2414 ibid.
1737 2376 1883 2413 xvu.
1922 2368 1973 2413 3.
2013 2364 2043 2426 ξ
2082 2366 2162 2411 16.
2225 2360 2283 2411 Si
2325 2369 2501 2410 tamen

1432 2436 1775 2489 admitterent
1820 2438 1975 2489 codd.
2018 2452 2120 2487 non
2174 2435 2501 2499 repudiarem

1433 2514 1561 2565 illud
1583 2520 1789 2565 ueteres.-
1822 2522 1879 2564 ut
1902 2515 2078 2564 Livius
2102 2527 2178 2563 vt.
2196 2517 2247 2563 7.
2278 2513 2293 2539 ‘
2311 2512 2500 2577 Itaque

1435 2606 1599 2641 novus
1631 2592 1793 2641 hostis
1818 2591 1984 2649 veteri
2015 2590 2285 2653 adjunctus
2306 2586 2341 2637 :'
2374 2596 2429 2639 et
2449 2604 2500 2639 c.

1435 2671 1486 2717 2.
1528 2666 1766 2730 ejusdem
1808 2666 1968 2716 libri:
2020 2667 2037 2694 ⁸
2063 2664 2240 2714 Volsci
2293 2672 2502 2713 veteres

1434 2742 1609 2795 hostes
1629 2758 1773 2793 arma
1802 2740 2090 2806 ceperant.'
2150 2741 2275 2805 Sed,
2308 2747 2369 2792 ut
2404 2754 2502 2790 sae-
2610 2770 2614 2773 >

1437 2821 1556 2884 pius
1580 2821 1709 2884 dixi,
1740 2835 1842 2870 non
1876 2819 2099 2869 libenter
2120 2818 2315 2883 aliquid
2339 2824 2501 2878 muto,

1438 2897 1527 2948 ubi
1549 2898 1673 2946 nihil
1697 2903 1904 2948 mutant
1928 2895 2082 2945 codd.
2150 2895 2337 2957 Neque
2357 2894 2499 2943 enim

1436 2982 1671 3024 nostrum
1694 2981 1778 3023 est
1801 2971 2032 3034 efficere,
2055 2977 2114 3022 nt
2137 2972 2364 3021 lectores
2383 2983 2504 3019 nos·

1440 3058 1523 3101 tra
1544 3053 1737 3114 legant.
1774 3052 1944 3100 aratz.

1503 3125 1879 3188 Iautsecerunt]
1911 3124 2069 3175 Jussu
2100 3120 2269 3172 Lartis
2289 3120 2501 3180 Tolum·

1438 3203 1516 3252 nii
1538 3202 1836 3252 Veientium
1861 3200 2018 3265 regis,
2057 3198 2123 3249 ad
2141 3212 2293 3263 quem
2317 3195 2498 3247 confu-

1439 3286 1642 3343 gerant.
1674 3278 1840 3329 Maca.
1908 3278 2110 3327 Contra
2133 3276 2221 3339 jus
2251 3274 2502 3338 gentium·

1440 3359 1741 3423 Legationis
1784 3357 1922 3407 enim
1966 3356 2055 3419 jus
2111 3353 2250 3419 apud
2296 3354 2499 3404 omneis

1436 3444 1621 3498 gentes
1666 3444 1897 3485 sanctum
1941 3448 2056 3485 esse
2099 3438 2156 3483 et
2198 3431 2499 3490 inviolatum

1437 3513 1726 3574 cousuevit,
1756 3520 1814 3561 ut
1850 3511 2019 3575 inquit
2059 3510 2214 3561 Corn.
2260 3509 2401 3573 Nep.
2446 3509 2499 3557 in

1436 3588 1696 3652 Pelopida
1734 3589 1851 3654 (ubi
1896 3596 2070 3638 tamen
2107 3588 2305 3651 vulgati
2345 3586 2499 3636 codd.

1437 3679 1541 3716 non
1565 3673 1711 3716 recte
1723 3666 1911 3729 factum
1929 3665 2122 3716 habent
2142 3679 2238 3727 pro
2257 3664 2500 3727 sanctam)

1438 3747 1494 3792 et
1514 3742 1702 3792 Cicero
1725 3742 1973 3792 Accusat.
2007 3741 2097 3791 lib.
2133 3756 2173 3790 1.
2240 3741 2411 3802 Supra
2444 3739 2499 3788 in

1438 3819 1658 3870 Camillo
1691 3820 1865 3883 legisti
1899 3833 1962 3868 ea
1994 3833 2154 3868 causa
2177 3825 2295 3881 post
2322 3816 2500 3864 Alien-

1436 3911 1547 3946 sem
1573 3898 1771 3946 cladem
1795 3905 2069 3959 acceptam
2096 3895 2289 3943 Urbem
2314 3892 2497 3941 Gallos

1438 3974 1661 4037 cepisse,
1679 3982 1735 4024 et
1757 3985 1995 4036 maguam
2020 3976 2221 4034 partem
2246 3967 2502 4018 incendis·

1436 4064 1511 4111 se,
1532 4047 1907 4100 contrucidatis
1935 4046 2273 4097 senatoribus.
2308 4044 2500 4096 Sabou.

1436 4125 1633 4177 Confer
1656 4139 1773 4188 quae
1796 4123 2011 4174 Grotius
2032 4122 2186 4172 babet
2208 4127 2262 4168 et
2287 4118 2354 4168 ad
2378 4133 2496 4168 enm

1440 4202 1539 4252 viri
1572 4202 1714 4252 docti
1744 4200 1813 4250 de
1844 4200 1962 4252 Jur.
1996 4199 2131 4248 Belli
2166 4206 2221 4246 et
2251 4195 2412 4245 Pacis
2433 4209 2497 4246 ιι.

1440 4282 1523 4331 17.
1543 4278 1727 4329 Barth.
1740 4277 1806 4327 ad
1824 4276 1959 4326 Stat·
1971 4273 2135 4325 Theb.
2152 4285 2218 4323 ιι.
2236 4274 2350 4322 373.
2375 4269 2495 4322 Hoc
