3025 4934
530 422 819 475 AUREL.
850 422 1049 473 vlc‘r.
1083 420 1309 473 vmos
1356 421 1709 473 ILLUSTR.
1757 423 1922 474 cAP..
1968 421 2257 474 xxxiv.

300 565 432 633 quod
466 566 715 619 dicebant
749 568 768 600 ‘
790 567 858 618 de
895 567 1147 619 manubiis
1172 566 1185 586 ⁸
1219 566 1352 626 fleri,

294 645 465 708 qualia
486 645 607 694 luca
638 645 763 695 vide
788 644 928 708 apud
963 645 1254 695 Comment-
1284 645 1352 695 ad

296 720 435 771 Flor.
468 733 514 770 1.
537 724 590 770 7.
625 722 729 785 §a
763 720 956 771 Aseon.
991 721 1056 769 ad
1092 721 1264 773 Cicer.
1300 722 1352 770 in

296 795 448 846 verr.
482 796 555 845 de
575 796 742 846 Praet.
769 811 823 860 p.
845 810 916 846 m.
950 800 1063 847 108.
1099 802 1155 847 et
1187 797 1355 847 Cicer.

299 870 449 923 Orat.
471 871 663 937 Agrar.
682 874 733 923 iu
758 873 970 923 Rullum
993 886 1111 937 cap.
1133 875 1214 922 28.
1236 873 1353 924 Liv-

298 959 457 1000 xtur-
481 953 534 999 4.
563 949 755 999 ‘Utis
777 963 840 999 eo
873 957 1113 1013 tempore
1145 949 1198 998 in
1230 964 1353 1014 agro

296 1038 385 1074 suo
406 1026 615 1076 Antiati
649 1033 810 1087 esset,
841 1039 1134 1090 aquamque
1156 1038 1223 1075 ex
1244 1039 1354 1075 ma·

295 1100 462 1150 nubiis
497 1101 713 1151 Antium
736 1099 1039 1151 ex·flumine
1075 1101 1351 1152 Loracinae

296 1174 552 1227 duceret-⁹
616 1176 808 1227 Deinde
829 1186 1003 1225 tamen
1032 1182 1216 1226 contra
1236 1190 1352 1227 sen·

293 1252 508 1303 tentiam
555 1253 767 1303 schotti
804 1253 1019 1313 retinui,
1058 1253 1180 1315 quia
1210 1253 1352 1302 nulla

294 1330 580 1381 necessitas
602 1344 718 1380 eam
736 1330 973 1394 ejiceret.
1002 1328 1183 1381 Arate.

276 1435 281 1441 -
353 1405 593 1469 Induit]
640 1406 923 1456 Iustu-duxit
971 1406 1078 1455 alii.
1141 1404 1350 1455 Indu-rit

294 1487 464 1532 autem
505 1498 613 1533 non
645 1484 758 1548 ipse
781 1484 989 1548 Curius,
1014 1481 1109 1533 sed
1138 1482 1350 1532 Fulvius

292 1556 509 1608 Flaccus
535 1559 674 1608 alter
694 1559 1018 1609 duumvirum
1052 1572 1201 1623 aqum
1235 1572 1352 1621 per-

292 1631 577 1697 ducendae3
609 1633 766 1683 Curio
800 1642 1005 1684 mortuo
1028 1633 1169 1683 intra
1209 1634 1352 1696 quin·

290 1717 396 1760 tum
421 1710 565 1762 diem
588 1725 741 1776 qnam
764 1717 905 1761 esset
933 1709 1172 1760 duumvir
1207 1723 1353 1760 crea·

293 1786 478 1837 ιιι-Α.
501 1787 576 1837 U.
599 1789 663 1838 C.
693 1800 966 1839 cnxxmx.
996 1786 1181 1838 Sabota
1248 1788 1352 1837 Eu·

289 1869 426 1929 trop.
449 1878 516 1915 ιι.
538 1870 592 1916 9.
622 1869 639 1895 ‘
660 1865 864 1930 Appius
889 1867 1134 1917 Claudius
1168 1882 1354 1918 censer

290 1953 468 2007 aquam
491 1942 768 1993 Claudiam
783 1942 1026 1994 induxit?
1089 1943 1357 2008 Lamprid-

288 2016 339 2066 io
372 2017 533 2068 Alex.
565 2019 689 2070 Ser.
721 2034 841 2083 cap.
872 2023 957 2069 2⁶.
993 2019 1090 2069 ‘In
1108 2020 1188 2070 his
1211 2022 1354 2070 ther·

290 2106 395 2142 mas
415 2095 643 2160 nominis
652 2096 759 2158 sui,
767 2095 927 2158 juxta
943 2110 1032 2145 eas
1053 2110 1168 2161 quoe
1185 2097 1354 2147 Nero·

289 2170 456 2219 niano
505 2169 740 2235 fuerunt,
772 2186 907 2236 aqua
952 2172 1201 2222 inducta?
1230 2175 1267 2222 l.
1301 2179 1353 2224 2.

288 2247 318 2307 ’ς
337 2247 417 2296 ⁸⁶.
451 2244 513 2295 ff.
537 2245 606 2295 de
642 2248 712 2297 0.
733 2248 789 2300 J.
822 2254 837 2276 ⁸
861 2247 1063 2315 Aquam
1083 2250 1352 2300 Claudiam

289 2321 541 2372 induxit!
569 2321 749 2376 Arses.

304 2423 313 2434 ·
349 2400 377 2462 §
404 2402 474 2447 10
497 2398 734 2449 Tribunus
745 2399 925 2466 plebis]
960 2400 1024 2450 In
1048 2401 1180 2451 Μαι.
1198 2402 1354 2465 longe

291 2473 441 2525 aliter
477 2476 723 2540 periodus
755 2477 935 2541 habet,
975 2478 1205 2528 Tribunos
1227 2480 1357 2545 plebi

283 2555 449 2614 parm
491 2567 543 2603 se
575 2559 765 2603 auctore
782 2554 905 2620 fleri
935 2555 1089 2616 maisit
1127 2556 1354 2618 comitiis,

289 2629 459 2693 quibua
491 2630 648 2692 plebei
676 2645 807 2693 mg.
840 2631 1138 2682 creabant-r.
1210 2632 1353 2681 Nihil

288 2711 469 2755 tamen
493 2706 726 2756 demuto.
795 2708 980 2758 Cicero
999 2708 1132 2758 enim
1148 2707 1214 2758 de
1234 2709 1375 2759 Cla·⁴

291 2784 360 2832 ris
384 2783 704 2833 Oratoribus
723 2790 778 2834 et
800 2785 911 2833 Lir.
932 2784 964 2833 Ι.
987 2796 1045 2834 x.
1068 2797 1352 2835 amentur.

289 2860 364 2909 M.
379 2860 573 2910 Fulvio
596 2860 768 2918 Paeto,
787 2861 848 2910 Τ.
864 2861 1062 2911 Manlio
1084 2862 1354 2927 Torquato

290 2938 437 2987 Coss.
479 2938 663 2987 tulisse
698 2936 794 2987 Μ’.
811 2938 1024 2988 Curium
1063 2940 1350 2989 Dentatum

290 3015 555 3064 tribunum
597 3013 766 3077 plebis
788 3014 881 3076 ait,
900 3022 960 3063 ut
990 3022 1112 3064 ante
1150 3016 1352 3065 curiata

287 3090 501 3140 comitia
535 3090 929 3153 magistratuum
955 3090 1146 3140 Patres
1169 3100 1353 3141 aucto·

287 3181 372 3217 res
434 3165 644 3217 fierent.
722 3167 892 3217 Miror
945 3168 1184 3234 equidem
1228 3169 1352 3233 quid

288 3244 575 3294 Francisco
612 3243 974 3294 Hottomanno
1015 3246 1124 3295 viro
1160 3246 1351 3311 alioqui

287 3321 611 3383 doctissimo,
631 3329 687 3370 et
706 3321 757 3369 in
777 3321 1089 3386 antiquitate
1111 3322 1202 3372 din
1224 3323 1352 3372 mul-

293 3407 513 3463 tumque
545 3414 663 3449 cum
700 3400 854 3449 laude
878 3408 1099 3461 versato,
1123 3402 1175 3450 in
1210 3415 1351 3450 men·

291 3483 394 3526 tem
415 3477 634 3532 venerit,
653 3476 790 3541 quod
816 3477 867 3525 iu
885 3476 1135 3538 Catalogo
1155 3478 1349 3539 Legum

289 3554 638 3604 Romanarum
675 3554 743 3604 ad
774 3554 906 3604 hanc
931 3555 1099 3619 legem
1122 3556 1349 3617 Curiam,

290 3629 524 3680 Probum
561 3631 627 3680 de
663 3631 808 3680 Viris
845 3631 1146 3681 Illustribus
1188 3633 1348 3682 libelli

290 3699 458 3758 nostri
504 3707 729 3757 laudarit
773 3715 1040 3758 auctorem
1067 3724 1083 3768 3
1135 3723 1250 3759 cum
1294 3710 1348 3758 iu

291 3783 407 3847 lege
428 3784 743 3846 Sempronia
758 3786 978 3847 agraria,
1001 3792 1244 3850 tanquam
1269 3787 1349 3835 sui

294 3858 506 3919 oblitus,
535 3865 802 3908 auctorem
839 3858 905 3908 de
945 3860 1083 3910 Viris
1127 3861 1350 3911 Illustri·

290 3934 405 3998 bus,
437 3945 498 3985 ut
524 3937 759 4001 plerique
779 3950 958 3986 omnes
988 3935 1151 4004 docti,
1170 3939 1349 4001 appel·

291 4011 386 4060 let.
449 4010 534 4060 An
558 4012 676 4075 quia
698 4013 764 4061 de
788 4013 1020 4061 externis
1054 4012 1351 4076 Imperato-

293 4087 436 4137 ribus
456 4087 733 4152 scripsisse
751 4089 959 4153 quidam
984 4095 1190 4152 putant,
1206 4096 1260 4139 et
1283 4090 1350 4140 de

294 4163 543 4212 Romanis
577 4175 781 4229 quoque
803 4169 1038 4213 extremo
1078 4165 1207 4215 libro
1236 4166 1351 4230 ipse

295 4236 553 4289 fateatur?
610 4239 794 4289 ‘Video
831 4240 998 4289 Eliam
1033 4240 1273 4290 Vinctum
1297 4254 1350 4289 e·

297 4314 666 4376 ruditissimum
706 4316 869 4366 virum
902 4316 1040 4367 hunc
1069 4314 1251 4369 foetum
1285 4316 1352 4369 ad

2351 408 2487 476 575

1426 566 1655 617 Plinium
1678 567 1939 632 Nepotem
1974 574 2230 631 perpetuo
2249 564 2448 616 referre
2467 582 2486 618 ε

1426 646 1589 693 semel
1611 659 1736 694 vero
1759 645 1824 694 ad
1841 645 2055 694 Sueten.
2077 643 2315 694 Carolum
2341 644 2489 706 Sigo-

1427 721 1571 770 nium
1594 721 1660 770 de
1696 721 1828 773 Jure
1852 720 2096 770 Provinc.
2133 720 2223 769 lib.
2244 733 2312 769 ιι.
2346 718 2490 770 forte
2562 751 2568 758 ·

1426 797 1756 847 librariorum
1792 798 2009 847 incuria·
2041 796 2229 847 Schott.

1492 873 1668 923 Patres
1680 868 1918 936 auctores]
1948 873 2076 921 Nam
2102 881 2259 921 antea
2279 870 2489 934 plebeio

1426 949 1755 1013 magistratui
1788 949 2058 998 decretum
2093 961 2239 996 suum
2270 961 2372 997 non
2408 948 2489 998 in·

1427 1026 1797 1088 terponebant.
1827 1023 1991 1074 Maera.
2015 1051 2020 1060 -

1494 1102 1772 1167 riphat-m]
1809 1102 2020 1163 walum
2045 1107 2252 1150 veteres
2288 1101 2488 1152 scribe-

1427 1178 1576 1242 bant,
1595 1180 1730 1243 quud
1752 1178 1799 1239 s
1821 1193 1939 1227 cnm
1971 1179 2039 1241 pls
2061 1176 2366 1226 Graecorum
2400 1191 2488 1240 ge·

1424 1256 1566 1305 mina
1581 1256 1667 1313 sit,
1693 1264 1853 1317 atque
1878 1254 1954 1303 ita
1978 1261 2033 1302 et
2055 1253 2255 1317 Georg.
2278 1254 2490 1304 Fabric-

1425 1334 1480 1384 iu
1518 1335 1703 1393 Roma,
1734 1333 1824 1384 sed
1860 1347 2051 1397 genere
2085 1340 2271 1384 neutro
2302 1335 2487 1397 Tifata,

1425 1417 1728 1475 montesque
1739 1410 1897 1473 juxta
1910 1409 2139 1473 Capuam
2161 1415 2391 1460 veterem
2414 1411 2488 1460 lu·

1426 1492 1534 1534 cat.
1599 1517 1604 1524 ·
1631 1484 1798 1536 Juxta
1854 1484 1989 1533 hunc
2042 1484 2208 1543 Tifata
2259 1491 2486 1534 montem

1428 1575 1688 1624 pugnasse
1741 1560 1935 1625 Syllam
1978 1574 2094 1610 cnm
2141 1561 2202 1610 C.
2238 1560 2493 1612 Norbano

1426 1643 1609 1685 auctor
1631 1636 1863 1685 Velleius
1889 1634 1975 1685 lib.
2003 1648 2068 1684 ιι.
2101 1634 2289 1685 Schott.
2354 1635 2489 1686 Pro·

1426 1711 1545 1776 pius
1571 1725 1695 1761 vero
1719 1711 1899 1770 Tifata·
1923 1741 1930 1746 -
1961 1710 2099 1760 Item
2121 1710 2488 1779 quinquaginta,

1427 1787 1855 1853 quemadmodum
1877 1787 2172 1837 indicarunt
2195 1787 2386 1837 dudum
2415 1790 2490 1837 vi-

1426 1865 1471 1914 ri
1501 1864 1664 1915 docti.
1727 1865 1800 1914 Et
1821 1878 1945 1916 vero
1981 1863 2108 1912 illud
2141 1864 2489 1926 qninquaginta

1427 1943 1616 1991 visitur
1631 1941 1788 1991 etiam
1803 1942 1853 1990 in
1872 1940 2121 1990 Palatino
2139 1940 2320 1991 altero.
2338 1941 2492 1991 Grat-

1427 2018 1560 2067 Cum
1592 2018 1662 2082 pis
1694 2025 1865 2068 tamen
1905 2030 2105 2077 omnes,
2144 2029 2244 2079 qua
2286 2017 2489 2081 scripti,

1427 2109 1531 2160 qua
1553 2094 1701 2145 editi.
1734 2094 1911 2145 Araia.

1495 2170 1799 2234 Quingenti]
1834 2172 1999 2220 Vetus
2024 2169 2182 2219 lectio
2202 2168 2487 2232 quiquagin-

1425 2252 1497 2304 ω,
1520 2231 1636 2312 quae
1674 2248 1827 2298 lectio
1866 2247 2084 2311 propius
2119 2261 2150 2295 a
2175 2261 2295 2296 veru
2319 2247 2490 2297 abest.

1426 2324 1616 2373 Sciati-

1449 2424 1455 2430 -
1494 2402 1933 2465 Car-xxxiv.§1
1974 2396 2227 2461 Claudius]
2250 2398 2490 2461 Constat,

1426 2478 1579 2529 Livio
1604 2478 1961 2540 Suetonioque
1986 2475 2225 2537 testibus,
2254 2474 2490 2523 Clausios

1429 2570 1462 2604 a
1514 2555 1717 2605 Sabinis
1773 2554 1991 2603 Romam
2046 2552 2314 2616 migrasse,
2366 2551 2494 2601 inde

1429 2631 1673 2681 Claudios
1697 2631 1885 2692 dictos,
1920 2643 2132 2692 quorum
2162 2626 2359 2676 familia
2389 2626 2489 2678 du·

1428 2707 1553 2771 plex
1595 2709 1817 2769 exstitit,
1840 2708 2007 2756 altera
2045 2704 2291 2769 patricia,
2323 2704 2491 2754 altera

1427 2784 1652 2847 plebeia.
1687 2784 1851 2834 Maelo.

1495 2861 1693 2923 Quoque
1722 2862 1775 2909 in
1805 2857 2041 2921 senatum]
2077 2858 2225 2907 Suet.
2257 2856 2308 2906 in
2334 2857 2490 2908 Clan-

1426 2937 1518 2987 dio
1547 2951 1665 3000 cap.
1689 2941 1771 2987 24.
1793 2937 2052 3000 ‘Appium
2077 2936 2284 2984 Caecnm
2308 2948 2490 2984 censo·

1426 3026 1536 3061 rem
1560 3012 1764 3075 generis
1787 3012 1866 3061 sui
1890 3020 2255 3074 proauctorem
2285 3010 2487 3059 liberti-

1426 3101 1609 3138 norum
1632 3087 1761 3137 filios
1784 3088 1835 3137 in
1859 3095 2096 3136 senatum
2134 3086 2371 3149 allegisse
2393 3086 2488 3136 do·

1427 3164 1562 3224 cuit,
1607 3163 1817 3230 ignarus
1862 3163 2183 3226 temporibus
2219 3162 2380 3225 Appii
2430 3169 2487 3213 et

1426 3240 1680 3305 deinceps
1713 3238 2051 3304 aliquamdiu,
2085 3239 2356 3289 libertinos
2377 3240 2489 3289 die-

1427 3328 1531 3376 tus,
1555 3334 1656 3369 non
1674 3320 1813 3383 ipsos
1846 3318 1934 3383 qui
1957 3332 2111 3367 manu
2136 3318 2490 3374 mitterentur,

1426 3396 1520 3445 sed
1556 3398 1809 3460 ingenuos
1836 3410 1903 3445 ex
1933 3394 2011 3443 his
2035 3399 2331 3457 procreatos
2353 3391 2386 3439 ε’
2416 3393 2483 3442 ad

1425 3487 1580 3537 quem
1605 3472 1773 3521 locum
1812 3471 1959 3534 plura
2006 3471 2149 3519 Laev.
2181 3469 2490 3518 Torrentius

1425 3554 1618 3597 noster.
1681 3546 1963 3599 Justinian.
2007 3553 2181 3594 tamen
2212 3543 2301 3593 lib.
2325 3558 2364 3593 1.
2402 3544 2489 3592 tit.

1423 3628 1475 3674 4.
1501 3625 1671 3675 dictos
1707 3625 1781 3673 ait
1817 3621 2114 3684 libertinos,
2148 3621 2237 3685 qui
2260 3634 2326 3669 ex
2340 3619 2488 3685 justa

1425 3702 1676 3751 servitute
1713 3691 2012 3749 manumissi
2049 3705 2189 3747 sunt.
2274 3699 2343 3748 Q.
2388 3698 2482 3748 Fa·

1424 3778 1541 3828 bius
1570 3777 1754 3827 Rullus
1776 3789 1958 3826 censer
1989 3774 2256 3825 libertinos
2286 3775 2487 3824 omneis

1425 3855 1570 3906 tribu
1593 3854 1805 3915 amovit,
1826 3860 1886 3903 nt
1910 3865 2065 3915 supra
2080 3865 2195 3915 cap.
2213 3855 2295 3899 32.
2318 3850 2478 3899 dixitz

1425 3941 1480 3981 et
1503 3932 1649 3982 Nero
1681 3930 1892 3980 eosdem
1926 3941 2129 3993 quoque
2168 3926 2310 3975 curia
2344 3940 2486 3975 amo-

1426 4007 1539 4072 vit3
1570 4010 1784 4058 Sueten.
1810 4020 1925 4070 cap.
1950 4008 2028 4053 1⁵.
2062 4004 2250 4054 Seston.

1492 4086 1522 4148 ξ
1542 4090 1575 4133 2
1609 4078 1978 4142 Duoesumilioe]
2015 4078 2135 4127 Vidi
2156 4080 2244 4142 qui
2267 4078 2400 4138 haec,
2423 4082 2484 4127 at

1425 4159 1580 4228 falsa,
1600 4161 1813 4225 spongia
1841 4157 2067 4207 obducta
2087 4155 2309 4204 delenda
2333 4161 2482 4218 puta-

1426 4244 1569 4302 rent,
1612 4235 2045 4295 scribendumque
2091 4239 2284 4296 proeter
2326 4229 2482 4281 libro·

1428 4328 1546 4366 rum
1575 4312 1754 4378 fidem,
1780 4312 1891 4364 Una
1913 4309 2114 4371 seruilia
2155 4309 2219 4359 od
2255 4307 2485 4359 Herculis
