3025 4934
494 386 628 451 590

495 554 672 596 autem
696 543 856 595 etiam
879 543 1000 596 urbs
1015 544 1068 595 iu
1082 543 1261 595 Sicilia
1280 551 1362 595 est
1381 544 1555 595 Plinio

495 623 657 673 tertio
678 630 734 672 et
758 630 943 685 quarto
964 621 1128 672 libris.
1150 621 1341 672 Schott.
1407 622 1553 672 Proe·

494 698 685 759 positio
704 712 767 747 ex
786 697 938 747 abest
969 712 1000 746 a
1028 698 1169 761 vulg.
1202 697 1346 747 libris
1379 699 1433 746 iu
1470 697 1553 745 iis-

494 775 612 824 dem
636 788 747 839 seq.
780 788 930 823 versu
959 775 1115 824 AEtna
1145 781 1225 822 est
1261 788 1356 836 pro
1375 774 1554 822 Enna.-

494 866 612 916 quae
643 866 761 901 cum
796 850 962 900 ambae
1002 853 1140 900 inter
1171 849 1556 900 mediterranea

493 927 681 978 Siciliae
724 925 885 991 opida
924 933 1264 977 numerentur
1298 941 1329 975 a
1373 923 1553 976 Ptolo·

493 1016 645 1065 maso,
684 1016 747 1051 ac
780 1002 956 1066 potius
995 1002 1307 1053 maritimum
1340 1002 1553 1067 opidum

492 1080 581 1129 bic
612 1093 728 1129 cum
769 1080 1012 1143 Drepano
1037 1094 1067 1128 a
1089 1078 1322 1143 Lilybaeo
1358 1079 1553 1141 requiri

494 1156 748 1214 videatur,
797 1153 1018 1205 fortasse
1059 1154 1237 1203 Cutina
1280 1153 1363 1203 vel
1412 1154 1552 1203 aliud

491 1232 700 1295 opidum
732 1231 1041 1280 maritimum
1071 1244 1165 1295 pro
1193 1229 1296 1280 illis
1332 1230 1396 1280 ab
1434 1244 1552 1279 auc-

492 1316 607 1357 tore
629 1307 879 1368 scriptum
903 1304 1019 1355 fuit.
1088 1304 1273 1358 Florus
1293 1319 1416 1353 saue
1440 1304 1548 1354 illo·

490 1398 604 1433 rum
622 1385 737 1432 loco
750 1388 985 1433 numerat
999 1381 1015 1409 ‘
1034 1381 1397 1445 Agrigentum,
1414 1381 1553 1430 Pan-

491 1473 713 1519 ormum‚
757 1456 1015 1523 Erycem,’
1054 1459 1171 1515 390.
1214 1462 1296 1507 5⁰.
1364 1459 1554 1508 Enniam

491 1544 668 1585 tamen
692 1536 816 1597 legit
841 1536 923 1585 bic
949 1536 1105 1585 etiam
1132 1536 1369 1598 Sigonius
1392 1549 1554 1598 supra

493 1617 608 1663 118.
632 1617 716 1662 30.
748 1615 802 1663 in
836 1613 1072 1674 inclusis,
1105 1626 1220 1677 qnae
1248 1620 1554 1675 sequuntur,

488 1688 822 1753 ἆνωτορησίαν
839 1703 967 1745 esse,
988 1695 1138 1739 notat
1155 1688 1291 1738 idem
1310 1689 1553 1752 Sigonius

487 1767 705 1826 ibidem,
729 1771 905 1816 νομιεῖ.
939 1764 1076 1830 Syll».
1146 1766 1333 1814 Eanum
1352 1764 1552 1828 recepi·

383 1886 389 1890 ,
489 1857 623 1903 mus,
661 1842 838 1891 invitis
870 1841 1047 1900 etiam,
1081 1840 1216 1905 quod
1250 1847 1425 1890 tamen
1450 1854 1551 1890 uon

489 1919 716 1968 libenter
757 1917 911 1981 facio,
967 1917 1203 1968 omnibus
1246 1918 1453 1981 scriptis
1495 1923 1553 1967 et

489 1995 612 2046 edd.
658 1995 1053 2059 antiquioribus,
1106 1995 1193 2059 qui
1250 1995 1425 2044 Etutam
1469 1995 1551 2043 vel

489 2073 704 2122 Ethnum
722 2071 1036 2121 scribebant.
1085 2068 1427 2138 Sed‘Atilium
1451 2070 1553 2119 Ca-

487 2150 705 2199 latinum
740 2148 757 2175 ‘
780 2142 1009 2197 Ennam'
1049 2146 1230 2198 urbem
1260 2146 1460 2208 cepisse
1483 2160 1551 2197 ex

488 2213 677 2287 Polyb.
701 2223 865 2274 tradit
886 2221 1138 2273 Dukerus
1161 2221 1229 2271 ad
1250 2221 1390 2272 Flor.
1414 2236 1476 2272 11.
1497 2227 1551 2273 2.

488 2303 517 2365 §
537 2304 619 2349 12.
682 2301 835 2349 AEtnoe
856 2308 1032 2348 autem
1056 2299 1194 2347 nullo
1223 2297 1371 2346 modo
1393 2300 1551 2349 etiam

485 2380 625 2428 inter
645 2380 888 2428 maximas
905 2383 962 2426 et
977 2375 1342 2426 munitissimas
1361 2374 1551 2425 Siciliae

485 2455 729 2506 civitates
760 2454 1021 2505 recenseri
1053 2460 1249 2518 potest.
1314 2454 1385 2502 Et
1406 2459 1551 2502 tanto

487 2531 784 2581 excusatius
826 2530 913 2580 bic
955 2528 1037 2578 ine
1081 2530 1273 2578 Eanum
1318 2528 1549 2578 scribere

487 2607 747 2669 existimo,
791 2621 906 2657 cum
950 2606 1079 2657 nibil
1116 2604 1439 2669 frequentius
1477 2607 1550 2657 sit

487 2683 622 2747 apud
662 2683 917 2744 librarios,
952 2697 1105 2747 quam
1146 2683 1354 2740 Eanum,
1388 2683 1546 2732 talem

486 2761 627 2809 euim
646 2760 825 2810 urbem
843 2760 913 2809 illi
930 2759 1255 2823 ignorabant,
1276 2760 1329 2807 in
1347 2759 1549 2808 AEtnam

487 2845 870 2886 transmutare:
927 2836 1066 2899 apud
1118 2835 1287 2886 Solius
1337 2851 1453 2899 cap.
1496 2841 1547 2885 5.

483 2914 501 2942 ‘
521 2911 726 2963 Ibidem
748 2927 960 2975 campus
976 2913 1235 2963 AEtnensis
1258 2913 1310 2962 in
1331 2910 1546 2963 floribus

485 3003 691 3053 semper
707 2988 743 3037 ε’
776 2996 832 3040 et
858 3003 960 3039 nou
1006 2990 1167 3040 multo
1198 2996 1337 3054 post,
1371 2991 1388 3018 ⁸
1413 2990 1546 3039 Pur-

483 3080 703 3130 pureum
758 3066 913 3115 AEtna
964 3066 1132 3116 mittit
1160 3065 1195 3117 ι’
1250 3067 1327 3115 sic
1379 3066 1549 3116 edidit

484 3142 792 3206 Gryphium
810 3142 900 3192 sed
916 3127 1110 3193 'rectius
1132 3141 1424 3199 Salmasius,
1444 3144 1546 3193 En-

481 3222 642 3271 nenst’s
656 3228 710 3272 et
729 3223 890 3278 Eunu,
907 3223 990 3272 vel
1010 3222 1202 3285 potius,
1217 3228 1275 3271 ut
1292 3227 1549 3284 excerpta

482 3298 589 3347 Ms.
627 3297 823 3347 codicis
857 3297 995 3360 apud
1035 3311 1139 3359 mc,
1178 3296 1452 3346 Hennensis
1489 3303 1549 3346 et

484 3373 696 3423 Henna:
728 3372 868 3436 quod
889 3373 1050 3422 etiam
1075 3371 1291 3436 praefert
1317 3373 1372 3422 in
1409 3373 1546 3422 notis

481 3450 780 3501 Salmasius.
859 3450 995 3499 Vide
1032 3450 1272 3502 Torreut.
1317 3449 1383 3499 ad
1428 3448 1545 3498 Val.

480 3527 633 3576 Max.
653 3540 695 3575 ι.
723 3530 768 3575 1.
793 3539 878 3580 ex.
893 3530 943 3574 1.
973 3525 1174 3575 Similia
1186 3524 1323 3589 apud
1340 3524 1544 3574 Schott.

486 3602 550 3651 ad
587 3603 782 3652 Melam
805 3615 872 3652 ιι.
890 3606 942 3652 7.
972 3601 1229 3652 Bernecc.
1262 3601 1325 3650 ad
1349 3600 1550 3653 Justin.

484 3690 635 3735 xxti.
675 3682 718 3726 1.
753 3679 780 3741 §
834 3682 884 3736 2.
923 3671 1128 3727 Ciofan.
1166 3676 1232 3725 ad
1271 3674 1431 3727 Ovid.
1476 3689 1544 3725 ex

481 3754 658 3802 Ponto
688 3753 799 3815 Ep..
827 3766 892 3802 ιι.
925 3756 1005 3801 10.
1031 3767 1106 3801 vs.
1129 3756 1213 3801 26.
1248 3751 1439 3802 Heius.
1474 3750 1543 3799 ad

482 3828 753 3884 claudian.
786 3828 853 3877 de
894 3828 1244 3893 Rapt.3Pros.
1279 3841 1341 3877 ιι.
1372 3831 1455 3878 72.
1488 3833 1545 3877 et

480 3916 568 3954 ιιι.
589 3907 706 3962 220,
740 3904 1081 3954 Mnnckerum
1104 3905 1168 3953 ad
1193 3904 1391 3969 Hygia.
1415 3903 1545 3953 Fab.

481 3992 668 4031 cxnvr.
735 3981 823 4043 Et,
854 3982 941 4045 qui
980 3982 1080 4030 alia
1113 3982 1382 4044 collegere
1409 3982 1543 4031 Dra·

481 4055 642 4105 keub.
682 4055 746 4103 ad
777 4056 868 4104 Sil.
894 4069 934 4105 1.
966 4060 1050 4104 93.
1086 4056 1287 4105 Duker.
1309 4056 1373 4106 ad
1401 4057 1543 4105 Flor.

481 4144 548 4179 11.
574 4134 653 4179 19.
673 4132 700 4194 ς
723 4135 771 4179 8.
803 4139 858 4179 et
891 4130 1136 4180 Oudend.
1158 4131 1222 4180 ad
1249 4132 1443 4182 Lucan.
1468 4145 1545 4181 vt.

481 4210 598 4258 ⁷40.
629 4205 804 4255 Arntz.

547 4280 850 4347 Drepanum]
879 4281 1023 4333 Urbs
1056 4283 1110 4333 in
1140 4283 1349 4335 modum
1382 4283 1537 4335 falcis

477 4356 626 4424 (uam
658 4355 885 4423 δρέπανον
916 4360 1091 4413 Graeci
1109 4361 1305 4421 falcem.
1328 4360 1538 4448 dicunt)

1188 402 1406 452 NOTAE
1455 401 1869 452 vammum
1918 403 2001 454 ΙΝ

1628 539 1828 595 famosa
1851 552 1932 596 est
1952 544 2195 596 Ancbisae
2220 544 2404 594 morte.
2449 543 2610 594 Maelo.

1691 620 1980 687 Lilyboeum]
2009 623 2291 686 Triquetra
2325 622 2491 672 Sicilia
2529 621 2687 673 habet

1629 697 1875 748 Pelorum
1941 698 2148 748 Italiam
2219 714 2422 759 versus,
2487 698 2688 760 Pachy-

1629 788 1751 836 num
1786 774 2069 841 Officium,
2099 775 2392 840 Lilybaeum
2438 773 2685 825 Africam.

1630 851 1797 901 Mach-

1692 926 2006 992 Psnormum]
2042 929 2329 993 Oppidum,
2353 928 2491 978 unde
2511 929 2527 957 ‘
2551 929 2690 978 Pan·

1628 1002 1882 1053 ormitano
1898 1002 1915 1025 ³
1936 1004 2446 1068 jurisconsultissimo
2470 1002 2692 1067 perduc·

1628 1079 1723 1129 tio.
1753 1079 1921 1128 Much.

1691 1157 1722 1219 ᾧ
1739 1160 1772 1206 2
1793 1158 1962 1207 Tolum
1977 1155 2218 1220 Siciliam]
2234 1154 2530 1218 Μνημονικὸν
2543 1154 2692 1221 ἁμάρ-

1626 1249 1755 1293 τημα
1796 1234 1977 1295 priscis
2022 1233 2360 1297 scriptoribus
2404 1232 2691 1284 familiares

1628 1321 1733 1356 nou
1764 1307 1899 1357 enim
1934 1307 2002 1357 ab
2035 1309 2101 1357 A.
2128 1308 2290 1358 Atilio
2325 1308 2562 1373 consule,
2596 1310 2690 1358 sed

1629 1383 1947 1448 insequentis
1999 1384 2119 1433 anni
2165 1396 2365 1433 cnxvt.
2410 1384 2473 1433 C.
2523 1382 2691 1434 Atilio

1581 1460 1833 1524 -Regulo
1887 1462 2121 1525 praelium
2177 1462 2361 1511 navale
2406 1469 2690 1525 pugnatum

1627 1545 1728 1587 est.
1783 1536 1996 1588 Fefeilit
2018 1544 2277 1588 auctorem
2302 1544 2353 1587 et
2378 1539 2610 1603 nominis,
2635 1546 2693 1589 et

1626 1617 1919 1678 ternpo'rnm
1943 1612 2184 1664 affinitas.
2218 1615 2404 1666 Scitote.

1691 1691 1927 1754 Magium
1948 1692 2155 1741 hostium
2174 1693 2395 1758 classem]
2422 1693 2692 1758 Polybius.

1627 1769 1887 1833 Nactique
1912 1769 1963 1817 in
1987 1767 2158 1817 medio
2178 1769 2354 1818 hostes
2369 1765 2693 1834 frequentes,

1627 1859 1803 1895 eorum
1820 1858 1977 1894 naves
2001 1845 2176 1906 plenas
2196 1845 2446 1908 capiunt3
2479 1846 2690 1909 reliqum

1624 1921 1677 1970 iu
1699 1921 1848 1970 littus
1872 1921 2074 1970 adactae
2096 1919 2428 1983 franguntur.
2474 1921 2692 1971 Romani

1626 1997 1791 2047 tribus
1815 1997 2048 2047 maximis
2071 1997 2264 2061 praeliis
2281 1996 2514 2064 hostibus
2536 2011 2689 2060 supe·

1627 2074 1752 2123 ratis
1776 2074 1969 2136 ubique
2001 2074 2222 2122 victoria
2245 2074 2401 2136 potiti
2441 2072 2688 2134 fuerunt3

1622 2147 1807 2199 fractae
1826 2157 1947 2199 sunt
1969 2149 2021 2198 in
2039 2149 2115 2198 bis
2135 2150 2324 2213 praeliis
2342 2152 2687 2200 Romanorum

1623 2239 1782 2274 naves
1805 2233 2027 2290 quatuor
2050 2234 2104 2275 et
2126 2225 2328 2289 viginti,
2366 2226 2687 2291 Carthagini·

1623 2303 1821 2352 ensium
1837 2313 1959 2353 vero
1977 2317 2134 2367 supra
2155 2304 2399 2366 triginta:
2430 2304 2582 2366 plena
2599 2318 2689 2353 au·

1624 2385 1733 2428 tem
1755 2378 1896 2428 nulla
1919 2394 1950 2432 a
1976 2380 2487 2443 Carthaginiensibus
2509 2388 2687 2444 capta,

1623 2455 1851 2518 ipsorum
1896 2470 2019 2506 vero
2055 2464 2278 2521 quatuor
2314 2463 2371 2505 et
2416 2458 2687 2521 sexaginta

1625 2532 1844 2582 Romani
1869 2532 2047 2595 plenas
2075 2545 2285 2595 cepere.
2319 2532 2491 2581 ΜαοΙι.

1687 2610 1716 2669 §
1761 2612 1792 2657 8
1848 2610 1930 2657 Aa
1976 2607 2309 2672 Camerinam]
2381 2608 2686 2659 Camerinum

1620 2682 1741 2734 libri
1802 2691 2010 2733 veteres
2066 2684 2301 2733 scribunt
2371 2685 2536 2747 prima
2600 2700 2686 2734 vo-

1623 2758 1726 2806 cali
1768 2758 1820 2806 in
1865 2757 2095 2807 secunda
2139 2758 2372 2822 syllaba3
2418 2766 2476 2809 et
2512 2758 2686 2810 Graeci

1619 2832 1833 2896 Strabo,
1870 2834 2183 2898 Stephanus,
2222 2835 2496 2899 Polybius.
2547 2835 2685 2885 Vide

1621 2910 1857 2960 Servium
1880 2911 1931 2960 in
1953 2910 2162 2962 AEueid.
2181 2912 2273 2961 lib.
2295 2924 2382 2960 ιιι.
2414 2912 2429 2938 ‘
2447 2910 2685 2975 Apparet

1622 2987 1897 3037 Camerina
1917 2987 2139 3051 procul,'
2169 2991 2268 3037 &c.
2336 2988 2540 3038 Erasmi
2564 2987 2684 3037 Chi-

1621 3064 1804 3115 liades.
1836 3064 2020 3115 Sabou.
2066 3065 2189 3114 Duo
2211 3065 2339 3113 Mss.
2360 3066 2424 3114 ad
2447 3064 2686 3114 Cutinam.

1621 3142 1722 3191 Sed
1755 3142 2109 3192 ‘Camerinam
2132 3139 2150 3163 ’
2178 3155 2269 3189 seu
2316 3148 2331 3171 ⁸
2350 3140 2684 3190 Camerinen-

1620 3232 1727 3267 sem
1749 3215 1969 3267 saltum'
2004 3216 2241 3281 agnoscit
2261 3216 2348 3265 bic
2377 3217 2534 3265 etiam
2568 3216 2684 3265 Flo·

1624 3308 1709 3342 rus
1740 3306 1803 3343 ιι.
1837 3297 1887 3343 2.
1918 3307 2011 3343 cur
2044 3300 2218 3342 autem
2245 3293 2501 3343 Camerina
2537 3284 2700 3357 pers.

1620 3370 1806 3421 Latine
1839 3370 1995 3420 scribi
2026 3371 2207 3428 soleat,
2231 3385 2349 3422 eum
2372 3370 2553 3420 Graeci
2586 3375 2710 3420 tta-ff

1617 3447 1832 3511 μωρῖναν
1852 3454 2059 3510 vocent,
2083 3446 2276 3496 ibidem
2300 3447 2563 3508 exposui.'
2596 3447 2681 3497 De

1620 3524 1897 3588 Calpurnio
1934 3523 2166 3572 Flamma
2212 3523 2449 3574 meminit
2491 3529 2685 3586 praetcr

1619 3600 1823 3651 Livium
1848 3600 2005 3650 etiam
2030 3598 2229 3649 Plinius
2253 3612 2401 3648 xxn.
2423 3603 2475 3650 6.
2509 3599 2682 3663 Agell.

1618 3690 1707 3728 ιιι.
1726 3680 1780 3726 7.
1801 3682 1856 3725 et
1876 3676 2153 3725 Frontinus
2185 3675 2352 3725 Strat.
2382 3688 2423 3726 1.
2459 3680 2509 3724 6.
2543 3675 2682 3740 Sylb.

1618 3752 1864 3802 Ceterum
1913 3751 2162 3801 Scbottus
2219 3749 2451 3801 scribere
2500 3751 2681 3800 maluit

1620 3829 1946 3890 Camerinum,
1977 3827 2281 3878 Graecorum
2315 3818 2509 3875 morem
2532 3841 2680 3878 secu·

1619 3911 1721 3959 tus,
1757 3911 1813 3953 et
1847 3904 1922 3954 sic
1960 3916 2078 3951 cum
2125 3900 2341 3950 Heinsio
2388 3900 2455 3950 ad
2498 3900 2679 3951 Silium

1619 3994 1739 4031 xiv.
1761 3984 1875 4031 198.
1912 3979 2176 4029 Drakenb.
2244 3978 2438 4027 Verum
2467 3979 2682 4029 Cameri-

1616 4071 1681 4106 na
1696 4061 1999 4106 constanter
2014 4054 2187 4105 editur
2202 4053 2341 4116 apud
2360 4053 2520 4104 Ovid.
2540 4055 2680 4104 Fast.

1617 4146 1700 4184 w.
1722 4136 1838 4183 477.
1874 4130 2030 4182 Oros.
2065 4144 2147 4180 tv.
2178 4132 2229 4178 8.
2262 4138 2423 4195 atque
2454 4131 2599 4189 alios,
2621 4139 2680 4181 nt

1615 4208 1771 4259 facile
1794 4206 2009 4258 inducar
2030 4214 2256 4270 utroque
2277 4204 2431 4255 modo
2464 4207 2678 4257 extulis-

1617 4301 1676 4336 se
1713 4284 1945 4335 Latinos.
2007 4283 2146 4333 Vide
2175 4282 2385 4348 ¹Duusq.
2428 4283 2677 4348 Ortbogr.

1618 4368 1764 4427 part.
1780 4374 1847 4415 ιι.
1867 4376 1921 4427 p.
1941 4364 2023 4413 73.
2045 4368 2103 4414 et
2125 4358 2303 4412 Graev.
2323 4359 2392 4411 ad
2413 4360 2587 4415 Cicer.
2609 4361 2679 4412 ad
