3025 4934
548 367 682 434 834

546 528 757 594 auspicio
787 527 1058 591 pravissimi
1084 527 1229 592 coepti
1258 541 1288 577 a
1316 526 1485 593 puero]
1523 526 1618 575 Vi·

548 607 707 656 detur
729 606 854 655 illud
876 605 1095 654 muliebri
1117 605 1418 655 mutandum
1441 606 1493 653 in
1514 619 1617 654 mu·

547 682 703 743 ueris,
728 682 805 730 nti
827 681 1174 744 conjungatur
1197 681 1314 730 voci
1334 680 1622 730 hbsnntis':

549 757 660 808 vult
696 758 833 807 enitn
869 757 988 806 ideo
1026 756 1351 821 suppositum
1385 766 1618 820 parturn,

545 834 626 883 nti
646 834 962 882 retineretur
976 833 1171 882 animus
1187 833 1380 883 mariti.
1424 833 1618 885 Quinc·

546 910 626 960 til.
665 910 1064 960 Declamatione
1100 922 1139 958 r.
1176 909 1354 958 ‘Alius
1388 908 1615 971 diceret,

542 987 788 1037 maritum
812 995 868 1036 et
891 1000 1125 1045 uxorem,
1147 986 1246 1035 nisi
1271 987 1448 1036 liberis
1477 986 1615 1036 tuiti-

544 1065 781 1125 arent'ur,
832 1077 931 1112 uon
989 1059 1280 1112 fortissimis
1336 1077 1613 1126 corporum

542 1141 763 1190 vinculis
798 1139 1090 1188 inhaerere?
1158 1139 1464 1189 consulatur
1507 1138 1611 1188 Eu·

540 1216 726 1277 ripidis
749 1214 944 1285 Medea
979 1230 1057 1266 vs.
1079 1218 1194 1264 «190.
1210 1216 1446 1266 ‘Senecoe
1470 1215 1609 1265 Her·

540 1294 682 1341 cules
706 1294 929 1353 (Etesiis,
955 1308 1030 1341 vs.
1050 1296 1166 1342 407.
1200 1292 1352 1342 Grai.

603 1359 856 1436 Auspicio]
910 1373 1064 1424 Quod
1115 1370 1257 1420 edidi
1301 1369 1610 1420 confirmant

539 1451 698 1499 etiam
722 1466 900 1500 omnes
924 1450 1062 1515 apud
1087 1464 1169 1499 me
1190 1448 1344 1498 codd.
1362 1458 1420 1498 et
1450 1449 1609 1498 lectio

537 1536 619 1576 est
654 1527 720 1577 ab
755 1528 870 1591 ipso
905 1538 1119 1577 attctore
1160 1525 1414 1590 profecta,
1438 1535 1607 1576 recte·

537 1620 641 1669 que
666 1608 735 1655 ita
760 1608 887 1656 citat
921 1608 1055 1655 hunc
1079 1605 1245 1655 locuni
1271 1606 1516 1654 Valesius
1540 1604 1607 1653 ad

528 1683 806 1746 ‘Excerpta
840 1683 906 1730 de
941 1682 1286 1732 Constantino
1319 1682 1518 1745 Magno
1556 1698 1607 1745 p-

534 1776 605 1808 rn.
628 1764 744 1810 712.
808 1761 1016 1810 Maritis
1059 1761 1196 1809 enim
1236 1775 1313 1809 eae
1354 1760 1606 1823 conjuges

535 1839 703 1887 solent
748 1852 864 1887 esse
921 1839 1193 1901 gratiores,
1239 1838 1605 1902 qnoe‘liberos

528 1917 729 1984 ,eduum
775 1918 1023 1967 sterilitas
1067 1919 1205 1967 enim
1247 1913 1503 1965 invidiosa
1547 1923 1606 1967 et

532 2003 812 2058 suspecta3
847 1998 1015 2044 multo
1053 1997 1213 2045 etiam
1256 1996 1530 2058 gratiores,
1560 1996 1602 2044 si

529 2070 693 2120 filium
717 2071 901 2135 edant,
923 2085 1076 2136 quam
1109 2069 1286 2132 filiam,
1316 2072 1602 2134 praesertim

531 2146 621 2195 nbi
680 2160 949 2196 successor
1003 2157 1263 2210 speratur.
1340 2147 1601 2198 Quinctil.

530 2224 685 2273 Deel.
730 2237 901 2273 xvnr.
948 2229 998 2274 8.
1048 2225 1336 2286 ‘suspicax
1384 2226 1601 2273 maritus

526 2301 654 2349 nihil
675 2313 914 2365 umquam
934 2304 1106 2365 potuit
1126 2302 1360 2365 objicere
1379 2303 1476 2350 nisi
1501 2302 1599 2354 fili-

527 2390 637 2436 um,
655 2392 772 2441 qnae
804 2377 1068 2439 pudicitiae
1096 2378 1263 2439 prima
1289 2376 1476 2426 fiducia
1499 2388 1601 2439 est,

526 2453 697 2501 edidit
738 2454 981 2516 partnm.’
1050 2455 1119 2503 Et
1156 2455 1282 2504 ltine
1326 2460 1429 2519 est,
1459 2455 1597 2520 qnod

525 2532 716 2594 puellae
754 2533 796 2580 si
836 2540 974 2582 natae
1014 2539 1207 2592 essent,
1241 2532 1395 2597 jussu
1433 2536 1599 2597 patris

420 2622 431 2628 ·
525 2618 935 2673 exponerentur,
958 2625 1062 2674 qna
1085 2610 1152 2660 de
1175 2624 1234 2659 re
1267 2610 1450 2660 srribit
1472 2612 1597 2660 AEti-

525 2683 653 2734 anus
677 2686 807 2734 Var.
836 2686 977 2735 Hist.
1014 2700 1145 2735 xtn.
1179 2689 1226 2735 1.
1259 2687 1440 2735 initio:
1474 2686 1596 2735 Ταύ-

521 2777 614 2819 την
646 2762 673 2807 ὁ
706 2761 865 2824 πατὴρ
895 2761 1157 2823 γενομένην
1186 2761 1417 2823 ἐξέθηκεν·
1452 2760 1597 2823 ἔλεγε

521 2838 633 2901 γὰρ,
658 2839 717 2888 οὔ
736 2838 1019 2903 θυγατέρωιὶ,
1038 2840 1152 2889 ἀλλ’
1174 2839 1378 2903 ἆῤῥένων
1396 2842 1610 2890 δεῖσθαι.-

519 2915 839 2965 Heliodorus
863 2916 1093 2977 AEthiop.
1122 2930 1196 2965 tv.
1222 2920 1332 2966 174.
1370 2917 1595 2966 Antoni-

488 3007 616 3041 ·nus
660 2993 915 3042 Liberalis
951 2995 1166 3042 Metam.
1209 3008 1256 3043 c.
1294 2998 1373 3043 17.
1421 2992 1595 3056 Οὗτος,

514 3069 678 3128 ἐπειδὴ
717 3069 932 3130 ἐγκύμων
964 3069 1026 3129 ἦν
1061 3070 1093 3130 ἦ
1130 3069 1385 3134 Γαλάτεια,
1417 3070 1593 3133 *infigere

515 3145 605 3207 μὲν
624 3147 796 3210 ἅῤῥενα
815 3147 1036 3208 ’γενέσθαι
1057 3149 1185 3209 αὐτῷ
1205 3150 1368 3211 παῖδα,
1385 3148 1591 3212 προηγό-

516 3241 623 3287 ρευε
653 3222 707 3271 δὲ
743 3225 808 3289 τῇ
839 3224 1047 3286 γυναικὶ,
1071 3224 1155 3273 ἐὰν
1184 3224 1396 3290 γεννήσῃ
1429 3226 1592 3290 κόρην,

517 3298 758 3362 ἀφανίσαι.
830 3301 882 3349 Is
921 3316 1028 3349 cum
1059 3316 1183 3349 uxor
1215 3303 1427 3363 gravida
1448 3310 1589 3361 esset,

515 3370 627 3424 vot‘o
667 3378 923 3425 masculam
965 3377 1057 3424 sibi
1109 3379 1288 3440 prolem
1342 3386 1589 3442 expetens,

514 3453 672 3503 edixit
705 3452 913 3515 conjugi,
948 3453 992 3501 si
1010 3454 1174 3522 filiam
1210 3455 1489 3518 peperisset,-
1511 3457 1588 3507 uti

513 3546 619 3580 eom
640 3530 845 3580 tolleret.
897 3530 1249 3580 consulendus
1268 3532 1336 3581 ibi
1359 3532 1584 3583 Mnnck·

515 3621 656 3668 erus,
683 3607 772 3669 qni
808 3607 1206 3670 elegantissimis
1240 3608 1382 3657 >notis
1425 3610 1586 3659 multo

512 3686 651 3734 hunc
682 3684 915 3733 libellum
940 3684 1307 3748 jucundiorem
1334 3685 1585 3737 reddidit.

511 3760 741 3823 Insignis
758 3760 890 3809 hanc
914 3761 964 3809 in
993 3775 1098 3809 rem
1123 3769 1205 3811 est
1228 3762 1370 3811 locus
1385 3762 1585 3827 Appul.

511 3838 644 3888 Met.
671 3852 728 3887 x.
752 3841 870 3886 249.
935 3837 1091 3888 Adde
1119 3838 1366 3888 Plautum
1391 3838 1586 3889 Casina

511 3918 643 3977 prol.
673 3930 747 3966 va.
782 3919 865 3965 41.
902 3922 957 3964 et
996 3914 1295 3965 Cistellaria
1333 3929 1374 3966 ι.
1412 3918 1462 3965 3.
1497 3920 1583 3966 33.

512 3989 656 4040 Puer
679 4003 801 4039 vero
822 3990 910 4040 hic
933 3989 999 4039 ad
1032 4001 1213 4040 sexum
1251 3988 1497 4053 refertur,
1526 3999 1583 4043 et

508 4068 698 4129 puellae
738 4068 1042 4130 opponitur,
1077 4068 1336 4131 quomodo
1371 4077 1582 4118 veteres

509 4143 757 4193 dixerunt
789 4142 982 4206 ‘puer’
1015 4151 1072 4193 et
1105 4143 1336 4208 ‘puera,’
1365 4145 1581 4195 Donato

513 4226 647 4271 teste
684 4221 748 4271 ad
786 4222 1003 4273 Terent.
1042 4222 1243 4272 Andria
1281 4235 1368 4271 ιιι.
1409 4227 1461 4273 2.
1500 4228 1583 4274 10.

508 4298 691 4349 Servio
713 4298 780 4347 ad
799 4299 984 4364 virgil.
1003 4297 1119 4350 AEn.
1141 4313 1204 4350 11.
1227 4302 1341 4349 698.
1390 4298 1580 4351 Senec.

1250 380 1471 431 1101*AE
1526 381 1931 432 vammum
1977 383 2063 432 11<

1693 528 1912 594 Hippoi.
1934 542 2009 577 vs.
2027 530 2151 578 '57⁷0
2202 526 2422 577 Sueton.
2448 528 2685 591 Caligula
2712 544 2766 578 c.

1692 609 1762 655 8..
1792 605 1990 657 Justin.
2016 617 2149 654 xm.
2168 607 2220 653 2.
2241 605 2270 668 §
2292 609 2342 652 5.
2375 604 2391 630 ‘
2410 605 2650 653 Roxanes
2672 617 2763 654 ex:-

1689 683 1919 747 speetari
1954 689 2180 746 partum,
2204 696 2320 746 quas
2359 691 2547 732 exacto
2587 698 2762 735 mense

1690 765 1877 809 octavo
1920 770 2123 810 matura
2166 759 2281 823 jam
2337 774 2403 808 ex
2458 760 2764 812 Alexandro

1689 844 1834 898 erat5
1868 844 1923 885 et
1955 837 1999 885 si
2034 851 2251 901 puerum
2289 837 2600 899 peperisset,
2626 837 2763 887 hunc

1689 913 1803 962 dari
1826 925 2175 964 successorem
2204 912 2382 977 patri.'
2410 927 2574 964 xmn.
2596 919 2646 963 2.
2672 916 2766 978 §aa

1691 988 1891 1053 Hygin.
1930 991 2057 1040 Fah.
2082 1003 2342 1041 Lxxxvlt.
2393 991 2543 1040 Salas
2568 994 2634 1040 ad
2658 993 2763 1041 Pe·

1688 1071 1822 1115 tron.
1848 1081 1895 1116 c.
1912 1071 1997 1117 22.
2019 1071 2117 1117 &c.
2150 1070 2325 1118 Arata.

1754 1144 1782 1207 ξ
1808 1147 1869 1193 14
1905 1144 1960 1192 Is
2006 1143 2364 1207 Maximianus]
2416 1143 2539 1194 Hoc
2582 1152 2761 1193 tamen

1686 1218 1868 1269 vitium
1893 1221 2134 1269 viderunt
2173 1228 2296 1272 ante
2333 1230 2390 1270 et
2429 1221 2763 1271 sustulerunt:

1687 1295 1924 1347 Valesius
1961 1300 2027 1347 ad
2066 1299 2334 1362 Excerpta
2369 1299 2440 1347 de
2459 1299 2587 1348 Vita
2624 1301 2764 1349 Con-

1685 1381 1848 1425 stant.
1885 1390 1938 1438 p.
1969 1379 2085 1425 711.
2121 1377 2366 1425 Balnsins
2405 1375 2472 1425 ad
2514 1376 2762 1425 Lactant.

1683 1451 1847 1502 Mort.
1872 1454 2023 1502 Pers.
2045 1468 2092 1503 c.
2113 1458 2197 1503 26.
2223 1460 2409 1517 postea
2445 1460 2497 1501 et
2519 1454 2763 1518 Cuperus

1682 1527 1748 1576 ad
1769 1529 1996 1579 eundern
2022 1544 2071 1579 c.
2094 1533 2176 1579 18.
2203 1544 2254 1592 p.
2281 1533 2395 1578 171.
2421 1538 2476 1577 et
2502 1532 2615 1578 174.
2638 1544 2759 1578 cum

1683 1614 1857 1654 tamen
1879 1615 2129 1669 corrupta
2144 1607 2402 1669 scriptura
2423 1605 2764 1654 confirmetur

1682 1675 1749 1731 ὼ
1769 1684 2008 1733 omnibus
2032 1685 2166 1733 Mss.
2188 1684 2316 1732 nibil
2337 1690 2538 1731 temere
2560 1685 2615 1732 in
2640 1693 2761 1731 tex·-

1682 1769 1791 1809 turn
1837 1762 2036 1825 recepi,
2075 1775 2198 1810 curn
2240 1761 2326 1809 vel
2372 1761 2548 1822 lapsu
2588 1761 2761 1823 ipsius

1680 1840 1914 1887 auctoris
1935 1854 2052 1886 esse
2078 1839 2266 1900 pessit.
2283 1835 2461 1887 Antis.

1744 1916 1772 1978 ᾗ
1798 1918 1861 1964 w
1897 1915 2233 1981 &malinam
2249 1929 2311 1965 ex
2329 1911 2572 1975 vocabulo]
2595 1913 2761 1964 Quod

1678 1983 1914 2056 sequitur
1952 1996 2017 2041 de
2056 2003 2225 2042 matre
2266 2008 2296 2041 a
2336 1992 2561 2040 dracone
2610 2004 2762 2039 coan-

1678 2082 1856 2130 pressa
1879 2071 2029 2119 aliter
2053 2078 2232 2118 narrat
2255 2070 2561 2118 Lactantius
2585 2061 2762 2118 Mort-

1681 2144 1831 2193 Pers.
1856 2161 1905 2194 c.
1929 2152 1978 2194 9.
2001 2147 2090 2209 qui
2114 2146 2342 2194 Martem
2368 2153 2568 2207 patrem
2600 2143 2760 2195 facit.

1676 2219 1766 2270 De
1804 2222 2119 2286 Olympiade
2157 2222 2356 2284 inspice
2397 2222 2647 2270 Savaron.
2682 2221 2762 2270 ad

1675 2296 1854 2347 Sidon.
1867 2297 2227 2361 Apollinarem
2241 2312 2402 2347 carm.
2420 2311 2487 2346 11.
2506 2313 2580 2350 vs.
2596 2301 2680 2346 80.
2696 2304 2762 2348 et

1677 2375 1790 2421 121.
1819 2381 1876 2422 et
1898 2374 2083 2423 AElian.
2107 2373 2235 2421 Var.
2265 2373 2408 2421 Hist.
2426 2362 2471 2422 ἰ.
2493 2377 2578 2423 25.
2612 2371 2759 2423 Arn-

1675 2450 1876 2497 tzenius.
2529 2463 2546 2478 ·

1740 2529 1768 2590 ς
1806 2530 1869 2576 18
1902 2527 2044 2577 Dosa
2065 2528 2244 2592 dictur]
2279 2527 2367 2577 Sic
2389 2528 2529 2577 Daza
2550 2528 2651 2577 alia
2678 2542 2758 2580 ex

1673 2604 1866 2652 nostris
1899 2605 2306 2666 exemplaribus,
2330 2604 2433 2653 alia
2464 2605 2622 2660 Dara,
2642 2605 2757 2656 alia

1670 2681 1827 2730 Daca.
1863 2681 2042 2729 Vinet.
2336 2706 2348 2711 ν

1735 2758 1764 2819 ξ
1803 2761 1866 2806 19
1903 2757 2003 2813 Qui
2033 2772 2140 2806 cum
2166 2758 2359 2820 pigeret
2380 2757 2530 2821 facti,
2550 2757 2755 2823 differri

1665 2847 1776 2894 qaoe
1809 2833 2062 2896 precepit]
2101 2833 2328 2883 Gemina
2364 2843 2488 2884 sunt
2524 2851 2638 2897 quae
2675 2838 2751 2887 do

1667 2909 1894 2973 Trajano
1928 2909 2090 2958 refert
2122 2911 2309 2959 Victor
2347 2911 2494 2972 ipse:
2545 2912 2561 2938 ‘
2582 2913 2752 2962 Vino·

1666 2985 1921 3042 lentiam‚'
1956 2987 2141 3051 inquit,
2164 2987 2180 3013 ‘
2204 3002 2312 3050 quo
2336 2987 2480 3052 vitio,
2505 2989 2580 3038 uti
2607 2991 2750 3040 Ner·

1666 3077 1747 3119 va,
1773 3063 2082 3125 angebatur,
2115 3065 2397 3128 prudentia
2426 3068 2747 3126 molliverat,

1665 3142 1832 3189 curari
1849 3149 2031 3190 vetans
2038 3142 2186 3205 jussa
2202 3150 2319 3205 post
2337 3143 2596 3205 longiores
2613 3161 2745 3209 epu·

1664 3217 1781 3268 las.'
1869 3219 1987 3268 Nec
2027 3219 2296 3269 dissimilia
2330 3219 2397 3269 de
2438 3221 2745 3275 Alexandro

1664 3294 1860 3358 Magno
1879 3294 2118 3346 referunt
2134 3295 2422 3347 interfecto
2443 3298 2612 3349 Clito:
2648 3304 2744 3365 qui

1664 3378 1721 3422 et
1745 3371 1883 3423 Jove
1913 3373 2169 3423 Ammone
2200 3383 2380 3423 natum
2412 3389 2468 3422 se
2503 3380 2744 3438 putabar.

1663 3450 1854 3499 Schott.
1924 3450 2068 3507 Quod
2099 3452 2283 3499 melius
2317 3466 2382 3500 ex
2406 3452 2535 3500 Mss.
2557 3454 2741 3505 reduci

1659 3527 1978 3576 existimavi.
2015 3525 2194 3578 Arata.

1728 3602 1967 3670 Seneetoe]
1996 3607 2181 3655 AEtatis
2198 3605 2419 3669 amplius
2437 3608 2591 3657 estin
2609 3608 2740 3657 Mss-

1659 3679 1847 3732 Schott.
1897 3683 1967 3731 Et
1991 3690 2135 3732 recte
2161 3682 2389 3746 quidem·
2422 3683 2741 3732 ‘Senectus'

1660 3759 1797 3807 enim
1816 3758 2137 3823 adjectivum
2159 3766 2258 3816 est,
2277 3759 2415 3823 qnod
2438 3760 2595 3808 variis
2614 3760 2737 3810 snb-

1657 3836 1900 3884 stantivis
1944 3835 2155 3900 adjungi
2193 3835 2370 3884 docuit
2409 3836 2624 3885 Vossius
2667 3836 2735 3887 de

1658 3908 1812 3960 Anal.
1833 3924 1921 3962 111.
1943 3916 2026 3962 26.
2050 3918 2107 3960 et
2125 3925 2203 3961 tv.
2219 3914 2298 3959 13.
2317 3917 2373 3959 et
2390 3911 2594 3962 Schotti
2611 3914 2734 3961 Μαι.

1657 3988 1918 4038 accedunt
1951 3985 2129 4038 Guelf.
2155 3995 2210 4037 et
2231 3985 2384 4037 Leid.
2409 3990 2455 4035 1.
2483 4003 2602 4037 cum
2626 3987 2731 4038 edi—

1656 4066 1741 4116 tis.
1823 4067 2041 4116 Plautus
2078 4064 2267 4115 Casina
2300 4077 2364 4113 ιι.
2396 4067 2445 4112 8.
2474 4067 2559 4115 23.
2600 4067 2615 4091 ‘
2636 4066 2727 4114 Se-

1655 4148 1811 4192 uecta
1836 4150 1997 4192 aetate
2024 4148 2371 4205 unguentatus
2395 4154 2492 4202 per
2517 4141 2726 4203 ,ἰωῆς-

1654 4234 1810 4276 nave,
1845 4219 2083 4270 incedis?
2148 4219 2221 4268 Et
2248 4232 2325 4266 vs.
2350 4220 2436 4264 41.
2475 4216 2491 4241 ‘
2516 4216 2721 4274 Mirum,

1655 4304 1880 4359 ecastor,
1924 4304 1979 4350 te
2033 4302 2250 4348 senecta
2297 4299 2459 4343 atate
2504 4294 2720 4346 officium
