3025 4934
715 376 1001 461 Αυιιιιι..
1038 374 1233 459 νἰοτ.
1272 406 1691 471 EPI'I'OMEN,
1743 409 1909 458 cn.
1957 409 2008 456 1.

280 555 500 606 tentiam
539 549 676 614 apud
710 553 1033 604 Macrobium
1066 551 1251 601 Cicero
1280 551 1346 602 de

279 632 485 695 Repub.
524 628 620 682 lib.
644 644 723 680 vt.
759 636 775 658 ⁸
801 631 1108 694 Quanquam
1142 629 1347 692 sapien·

280 709 416 761 tibus
438 708 764 761 couscientia
786 708 900 770 ipsa
920 706 1177 756 factorum
1199 719 1348 770 egre-

279 786 480 847 giorum
517 785 883 848 amplissimum
909 784 1118 834 virtutis
1144 783 1348 846 praemi·

277 874 362 911 um
385 869 497 922 est3
534 871 707 910 tamen
733 862 823 910 illa
848 861 1022 909 divina
1045 861 1209 909 virtus
1244 873 1347 907 non

277 942 475 989 statuas
517 937 730 1000 plumbo
764 936 1093 992 inhaerentes‚
1124 950 1221 984 nec
1258 935 1348 983 tri·

277 1012 495 1074 nmpbos
515 1012 875 1061 arescentibus
892 1013 1106 1071 laureis;
1131 1011 1222 1061 sed
1242 1016 1347 1060 sta-

274 1087 459 1137 biliora
488 1089 727 1150 quaa-dam
759 1096 814 1136 et
840 1087 1085 1136 viridiora
1109 1086 1348 1150 praemio-

276 1179 389 1213 rum
425 1179 622 1229 genera
660 1163 961 1213 desiderat.’
1039 1164 1220 1213 Eidem
1258 1163 1346 1213 lib.

278 1253 337 1288 ιι.
356 1239 420 1288 ad
448 1240 621 1290 Attio.
655 1246 672 1269 ⁴
691 1240 824 1291 Cato
849 1255 945 1303 pro
969 1248 1175 1289 centum
1199 1239 1346 1288 milli-

278 1313 371 1364 bus
393 1315 517 1379 est,’
542 1317 630 1381 qui
652 1330 856 1366 currum
881 1316 1244 1383 triumphantis
1266 1327 1345 1363 se·

276 1391 592 1454 quebantur.
626 1392 815 1442 δώσει.

339 1469 367 1531 §
393 1471 456 1516 12
485 1467 734 1530 Quidquid
753 1469 988 1516 commodo
1005 1465 1220 1529 geritur]
1247 1468 1345 1517 Ge·

277 1548 463 1593 rer-stin·
484 1559 601 1593 cum
627 1544 783 1592 editis
815 1558 992 1592 omnes
1020 1544 1225 1605 scripti,
1249 1542 1346 1591 nisi

278 1601 412 1685 quod
437 1635 505 1670 ex
525 1622 638 1671 solo
669 1619 816 1669 Leid.
835 1624 884 1669 2.
909 1621 1048 1669 nulla
1074 1628 1254 1669 notata
1276 1619 1361 1678 sit¹

278 1694 575 1757 diversitas.
615 1698 700 1761 qui
739 1701 911 1745 tamen
949 1709 1064 1744 cum
1101 1695 1216 1744 aliis
1251 1709 1345 1757 pro

276 1773 575 1822 emolumenti
592 1787 778 1833 caussa,
798 1772 1003 1835 reponit
1016 1785 1098 1834 spe
1115 1785 1181 1820 ex
1196 1771 1346 1821 Suet.

278 1846 415 1913 Aug.
436 1866 483 1899 c.
506 1855 590 1900 25.
625 1850 963 1914 Symmachus
992 1849 1163 1912 Epist.
1184 1862 1240 1898 x.
1263 1852 1357 1911 34.

277 1924 294 1955 ‘
320 1925 601 1989 Speratum
644 1926 1050 1976 emolumentum
1099 1933 1343 1990 tanquam

278 2003 544 2062 popularis
569 1999 803 2067 ignovit-f
833 2002 1008 2050 Arntz.

278 2104 285 2109 ·
339 2076 504 2127 Ham
535 2092 680 2127 aureo
708 2078 1029 2144 piscantibus]
1063 2077 1078 2104 ‘
1097 2077 1222 2126 Reti
1255 2091 1344 2125 au·

277 2160 406 2225 rato,
431 2170 666 2219 purpura
687 2169 951 2219 coccoque
972 2145 1344 2203 funibus'nexis

275 2230 533 2292 piscatum
575 2232 873 2282 Neronem’
909 2241 1092 2281 auctor
1128 2232 1343 2282 Suetou.

276 2306 405 2363 Ner.
425 2325 471 2361 8.
497 2314 585 2359 30.
618 2320 674 2358 et
710 2309 926 2359 Orosius
948 2322 1050 2357 vn.
1070 2314 1120 2358 7.
1152 2309 1359 2358 Eutro·.

275 2383 388 2444 pius
426 2398 555 2434 vero
592 2385 684 2434 lib.
722 2398 825 2433 vn.
862 2384 1124 2433 ‘blatteus
1158 2382 1347 2433 funes'

278 2469 444 2517 vocat,
462 2462 606 2527 quod
631 2461 703 2509 illi
725 2474 998 2524 purpureos.
1033 2459 1238 2523 Schott.

292 2562 303 2575 ·
339 2537 367 2598 ξ
401 2540 465 2586 14
503 2538 575 2587 Et
607 2540 870 2599 proproetor
891 2535 1065 2598 coesus]
1105 2536 1270 2584 Coes‘us
1292 2550 1344 2584 a·

273 2608 371 2661 fuit
399 2627 429 2661 a
450 2614 587 2662 Mss.
623 2616 639 2641 ‘
661 2613 790 2661 Tres
813 2613 1044 2676 legiones
1068 2627 1186 2661 cum
1208 2612 1344 2661 duce

279 2682 563 2737 Quinctilio
595 2688 752 2751 Varo,
780 2689 1086 2752 legatisque,
1110 2694 1166 2738 et
1199 2690 1342 2738 nuxi-

270 2762 354 2824 ¹liis
390 2765 633 2814 omnibus
668 2779 836 2813 caesae.
841 2763 855 2786 ’
920 2764 1260 2830 Tranquillus
1291 2780 1341 2816 c.

275 2841 355 2902 23.
377 2851 434 2890 et
454 2841 672 2891 Tiberio
696 2855 744 2889 c.
770 2843 850 2890 17.
903 2841 1114 2890 Tacitus
1137 2841 1203 2890 de
1226 2842 1341 2890 Mo-

277 2898 415 2979 ribus
448 2918 832 2968 Germanorum
869 2916 936 2967 Q·
968 2916 1204 2980 Sulpicio
1242 2918 1341 2966 Ca·

279 2986 497 3059 mei-ino,
530 2994 603 3042 C:
616 2993 858 3056 Poppeio
887 2993 1081 3043 Sabino
1116 2994 1277 3043 Coss.
1295 3008 1343 3041 8.

281 3065 432 3134 (μιν.
468 3070 613 3133 Non.
631 3068 877 3131 Sextiles,
899 3082 1001 3132 quo
1024 3075 1081 3117 et
1102 3069 1343 3118 Cannen

280 3142 347 3190 sis
379 3145 556 3194 clades
590 3150 827 3211 accepta.
892 3143 993 3213 Dio
1024 3143 1113 3191 lib.
1134 3156 1244 3192 nvi.
1281 3136 1348 3193 L.

276 3217 412 3288 ᾼιιιι.
451 3222 629 3270 Florus
652 3219 748 3289 lib.
772 3234 849 3269 w.
908 3221 1218 3270 Paterculus
1253 3222 1340 3270 lib.

281 3307 342 3362 ιι.
382 3300 576 3360 prae'ter
612 3304 717 3345 tres
757 3296 987 3359 legiones
1023 3298 1341 3360 totidemque

283 3370 406 3434 alas,
452 3376 611 3422 etiam
666 3364 760 3421 sex
802 3373 1041 3422 cobortes
1083 3370 1345 3424 numerat.

284 3447 467 3499 Schott.

280 3552 303 3573 ἱ.
351 3525 522 3576 Valido
538 3526 750 3589 incussu]
786 3525 936 3576 Adeo
953 3534 1339 3576 consternatum

284 3596 475 3663 ferunt,
488 3612 545 3652 ιιι
561 3618 657 3665 per
673 3602 947 3651 continuos
963 3616 1164 3652 menses
1182 3602 1342 3652 barba

283 3678 567 3743 capilloque
600 3678 853 3727 submisso
888 3686 1049 3742 capnt
1084 3678 1340 3728 interdum

284 3750 743 3814 foribus'illideret3
762 3752 1069 3814 vociferans,
1090 3760 1105 3782 ‘
1122 3755 1341 3806 Quintili

287 3825 461 3892 Vere,
466 3831 634 3880 redde
656 3828 939 3893 legiones3’
976 3830 1212 3894 diemque
1236 3833 1340 3880 cla·

284 3901 362 3952 dis
386 3908 669 3970 quotannis
715 3896 958 3954 moesturn
1002 3904 1241 3955 babuerit
1280 3921 1342 3955 ac

286 3978 565 4044 lugubrem.
631 3972 978 4032 Suetoniusc.
999 3986 1082 4030 23.
1120 3970 1343 4032 Orosius

281 4060 745 4131 ..νι.21.ι5’81ιοαιιε.
809 4044 1054 4107 Accidisse
1082 4061 1241 4108 etiam
1263 4060 1340 4108 in·

288 4136 562 4195 terponunt
584 4127 769 4201 omnes
781 4133 908 4182 editi
931 4149 1056 4198 quos
1082 4135 1185 4183 vidi
1219 4145 1341 4187 ante

283 4200 571 4267 senonum,
618 4194 674 4261 et
714 4210 933 4272 scripti,
958 4220 1183 4275 excepto
1230 4203 1342 4262 solo'

291 4270 430 4336 Leia.
453 4291 503 4338 2.
529 4286 592 4337 de
626 4300 726 4354 quo
757 4287 883 4338 nibil
918 4287 1084 4339 audeo
1115 4303 1339 4353 pronun·

2356 391 2488 456 '763

1422 552 1585 608 ciare,
1609 550 1744 616 quod
1770 557 1826 601 et
1848 551 1902 599 in
1930 549 2163 616 sequenti
2188 564 2315 599 voce
2347 548 2488 599 neci·-¹

1421 629 1521 691 dit,
1547 629 1631 677 ubi
1662 628 1707 677 si
1733 627 1799 677 ab
1822 642 1885 677 eo
1907 628 2011 676 Ms.
2035 626 2354 688 discesseris,
2376 640 2487 675 οιιι-

1421 722 1514 756 nes
1540 709 1665 757 Mss.
1689 715 1744 757 et
1767 706 1917 757 editt.
1940 707 2081 771 justa
2100 705 2488 770 conspiratione

1421 785 1633 844 incursu,
1654 784 1790 849 quod
1816 785 2001 835 merito
2023 784 2265 849 placebat
2287 785 2489 841 Cortio,

1424 861 1513 923 qui
1537 861 1773 924 promisit
1795 862 1950 910 latius
1972 875 2029 910 se
2052 860 2184 910 hanc
2209 862 2486 910 lectionem

1423 935 1754 986 defensurum
1789 946 1846 986 et
1869 936 2222 999 probaturum,
2244 951 2395 999 quem
2428 937 2489 985 li·

1425 1013 1573 1061 brum
1597 1012 1746 1061 avide
1770 1012 2083 1074 expetimus,
2105 1011 2170 1060 ad
2196 1011 2389 1060 Lucan.
2407 1025 2488 1060 vr.

1424 1092 1539 1137 161.
1580 1086 1597 1116 ⁴
1624 1086 1946 1150 Confringite
1985 1088 2091 1135 tela
2129 1086 2371 1136 Pectoris
2409 1086 2485 1135 in·

1422 1164 1613 1214 cursu?
1699 1164 1937 1218 Interim,
1983 1162 2104 1212 dum
2145 1162 2356 1211 meliora
2396 1176 2487 1210 ex·

1422 1247 1737 1302 spectamus,
1779 1238 2028 1302 optimam
2072 1237 2350 1287 lectionem
2394 1237 2487 1287 de·

1420 1314 1593 1367 fendit
1624 1318 1817 1365 seneca
1846 1315 1913 1363 de
1936 1316 2116 1365 Const.
2143 1313 2269 1376 Sep.
2293 1328 2410 1376 cap.
2434 1318 2484 1363 3.

1420 1394 1436 1422 ‘
1459 1394 1575 1443 Nec
1612 1392 1778 1442 secari
1821 1390 2050 1451 adamas,
2090 1403 2187 1439 uec
2230 1389 2365 1438 caedi
2401 1391 2487 1440 vel

1421 1469 1591 1519 deteri
1630 1475 1822 1531 potest,
1860 1466 1950 1515 sed
1991 1466 2309 1514 incurrentia
2344 1467 2486 1516 ultro

1419 1542 1693 1600 retundit,’
1725 1543 1793 1591 de
1824 1542 1953 1590 Vita
1981 1542 2133 1589 Beut.
2156 1553 2204 1591 c.
2228 1544 2310 1589 27.
2342 1541 2485 1604 Apu-

1420 1621 1553 1672 leius
1582 1620 1680 1670 sub
1702 1620 1856 1669 finem
1881 1619 1971 1668 lib.
1992 1620 2098 1667 v'u.
2132 1618 2147 1645 ‘
2168 1617 2348 1680 Ipsum
2373 1617 2486 1680 qui-

1420 1684 1539 1748 dem
1555 1711 1695 1761 saepe
1713 1698 1976 1746 incursare
1991 1692 2217 1743 calcibus
2236 1692 2489 1755 potuisti.'

1421 1773 1539 1826 Quo
1565 1782 1720 1837 pacto
1745 1772 1963 1821 Plautus
1986 1773 2137 1820 Poeu.
2160 1783 2239 1819 tv.
2257 1774 2304 1818 l.
2321 1773 2367 1819 3.
2400 1771 2415 1798 ‘
2432 1770 2485 1818 Is

1420 1864 1503 1899 me
1549 1857 1721 1899 autem
1760 1863 1915 1911 porro
1953 1845 2217 1908 verberat,
2256 1847 2488 1896 incursat

1422 1912 1631 1990 pugnis,
1655 1922 1919 1975 calcibus.'
1967 1924 2211 1974 Rudente
2233 1937 2321 1973 ιιι.
2338 1928 2388 1973 4.
2406 1928 2485 1973 17.

1420 2012 1476 2052 et
1509 2002 1656 2071 Asin.
1676 2016 1717 2052 ι.
1741 2005 1787 2050 1.
1804 2005 1889 2052 21.
1914 2001 2161 2051 Burman.
2184 1999 2247 2050 ad
2275 2002 2483 2051 Pliaedr.

1423 2078 1554 2144 Fal).
1593 2091 1657 2127 ιι.
1692 2082 1743 2127 7.
1776 2081 1827 2126 8.
1865 2077 2099 2127 Martial.
2127 2077 2317 2141 Epigr.
2354 2092 2394 2126 1.
2428 2072 2481 2128 9.

1417 2153 1435 2182 ‘
1460 2155 1685 2204 Pectore
1717 2168 1815 2203 uec
1849 2153 1988 2203 nudo
2024 2154 2235 2204 strictos
2267 2156 2484 2204 incurris

1419 2229 1472 2278 iu
1511 2229 1703 2278 enses.’
1781 2229 2037 2282 Quinctil.
2077 2242 2160 2280 tx.
2200 2234 2247 2278 1.
2279 2245 2331 2293 p.
2365 2235 2482 2284 761.

1419 2305 1729 2371 “Inlatera
1760 2316 1917 2372 atque
1951 2307 2001 2356 in
2038 2315 2187 2370 terga
2218 2308 2482 2359 incurrere

1419 2381 1627 2450 ‹iaturt’
1660 2381 1751 2431 ubi
1774 2383 1904 2432 mele
1929 2384 2015 2432 alii
2036 2385 2262 2433 incutere.
2322 2385 2482 2448 Apul.

1419 2457 1555 2506 Met.
1595 2471 1719 2506 viu.
1761 2472 1881 2521 pag.
1919 2463 2034 2509 214.
2067 2460 2494 2524 ‘Nonnunquam

1421 2533 1673 2583 morsibus
1697 2549 1815 2583 suos
1840 2536 2166 2604 incursantes
2189 2538 2483 2589 musculos.’

1421 2611 1438 2639 ‘
1459 2610 1706 2659 Incursus
1722 2609 1735 2631 ’
1768 2611 1903 2659 enim
1935 2618 1991 2659 et
2015 2619 2030 2641 ⁸
2052 2612 2315 2663 incurrere
2332 2611 2347 2634 '
2371 2628 2402 2662 a
2426 2628 2483 2663 re

1417 2686 1625 2735 militari
1648 2687 1712 2736 ad
1733 2687 1937 2752 quasvis
1955 2687 2058 2736 alia
2076 2688 2478 2746 transferuntur,

1416 2762 1539 2811 hinc
1578 2762 1742 2811 minus
1787 2770 1936 2811 casto
1980 2777 2136 2811 sensu
2174 2765 2483 2815 ‘incurrere

1417 2838 1582 2887 servis
1594 2837 1978 2891 ’dixitsuvem
2008 2840 2122 2891 Sat.
2145 2854 2225 2890 vl.
2249 2845 2331 2892 81.
2366 2845 2482 2892 ‘so-

1416 2929 1587 2965 rorem
1627 2916 1916 2965 incurrere'
1959 2916 2120 2981 Apul.
2159 2918 2304 2971 Met.
2329 2932 2387 2969 x.
2426 2934 2479 2982 p.

1414 2996 1531 3042 250.
1612 2993 1780 3041 Porro
1815 2992 1881 3041 de
1917 2987 2015 3041 hoc
2049 2993 2237 3054 capitis
2273 2993 2483 3044 incursu

1414 3055 1598 3119 confer
1636 3062 1909 3137 Barthium
1952 3070 2018 3119 ad
2055 3067 2278 3119 Statium
2314 3062 2482 3122 Theb.

1416 3159 1471 3213 y.
1489 3138 1608 3194 642.
1674 3147 1806 3205 Μοιιί
1836 3150 1981 3202 veste,
2003 3146 2171 3208 capillo
2199 3162 2256 3195 uc
2284 3145 2494 3208 reliquis

1417 3223 1612 3271 omissa
1646 3222 1802 3283 priori
1841 3223 2027 3285 copula
2064 3222 2209 3270 Leid.
2242 3226 2293 3270 2.
2376 3222 2486 3271 Sed'

1417 3297 1587 3346 nullus
1622 3304 1704 3347 est
1734 3311 1800 3346 ex
1827 3299 2020 3347 uostris
2054 3300 2171 3348 cod.
2197 3300 2279 3348 cui
2316 3299 2483 3348 minus

1419 3373 1667 3434 tribuam;
1707 3374 1783 3423 ita
1807 3374 1879 3423 nil
1902 3374 2015 3424 fe're
2050 3383 2243 3438 proeter
2276 3376 2481 3441 ineptas

1418 3450 1688 3499 oscitantis
1721 3450 1915 3500 librarii
1941 3451 2292 3501 aberrationes
2314 3454 2482 3504 conti-

1417 3518 1525 3575 net·
1562 3527 1775 3576 Sallust.
1797 3528 1850 3576 in
1872 3528 1996 3592 Jug.
2015 3532 2199 3593 c.83.§
2216 3534 2266 3578 2.
2298 3530 2481 3580 ‘Prae-

1418 3601 1536 3652 dem
1554 3605 1888 3669 captivosque
1906 3613 1960 3654 et
1977 3605 2361 3668 inpedimenta-³
2394 3609 2482 3657 Li.

1418 3680 1531 3729 vitis
1565 3694 1770 3730 xxxvl.
1797 3682 2112 3747 40.0‘Arma
2148 3684 2392 3750 signaque
2427 3699 2483 3736 et

1415 3756 1585 3820 spolia
1601 3759 1765 3806 omnis
1783 3758 1986 3820 generis
2005 3761 2326 3811 transvexit!
2352 3775 2486 3811 xcv.

1420 3837 1466 3881 1.
1501 3839 1517 3862 ‘
1539 3833 1686 3882 Veris
1713 3833 1916 3882 nunciis
1934 3834 2079 3884 Fabii
2097 3835 2407 3901 Lentulique
2423 3846 2482 3888 et

1416 3910 1622 3959 Metelli
1645 3912 1870 3960 adventu
1894 3909 2150 3960 firmatum
2173 3911 2289 3960 est.’
2352 3915 2479 3962 Sue-

1417 3986 1589 4034 tonius
1624 3985 1858 4035 Claudio·
1874 4001 1923 4034 c.
1943 3990 2025 4034 22.
2049 3988 2078 4050 §
2104 3992 2151 4034 l.
2183 3987 2200 4014 ‘
2223 3988 2479 4039 Quaedam

1416 4058 1558 4111 circa
1579 4058 1918 4125 ceremonias.
1940 4062 2250 4127 civilemque
2276 4073 2330 4112 et
2348 4062 2478 4112 mili-

1417 4148 1580 4188 tarem
1596 4153 1790 4188 morem
1806 4134 2071 4188 correxit)
2103 4141 2301 4190 Seneca
2321 4141 2481 4199 Herc.

1416 4216 1538 4264 Fur.
1573 4230 1646 4265 vs.
1678 4219 1795 4264 927.
1825 4215 1846 4281 .-‘
1870 4210 1991 4264 Stet
2022 4230 2114 4265 suo
2146 4219 2330 4266 coelum
2364 4219 2479 4270 loco

1413 4286 1691 4357 Tellusque
1725 4297 1782 4340 et
1815 4290 2015 4342 aether.'
2079 4291 2226 4357 Sulp.
2251 4285 2482 4344 Severus
