3025 4934
458 349 591 428 868
1115 374 1509 426 anesusus
1562 374 2002 426 sormouuu

460 518 740 600 Eutropii
767 518 974 580 linx.
1001 538 1139 580 cum
1178 534 1337 580 vm.
1380 517 1548 580 libris
1606 518 1823 581 additt.
1865 520 2082 582 Paulli
2128 520 2311 583 Diae.
2359 526 2482 585 διο.
2511 523 2663 603 apud

462 617 717 680 Petrum
742 615 819 676 de
847 615 908 675 la
933 615 1223 676 Roviere.

509 722 698 778 ,1611
743 713 1069 784 Hanoviae,
1121 712 1230 776 sol.
1300 712 1584 774 Messala·
1626 711 1945 788 Corvinus,
1996 713 2169 776 Sext.
2226 716 2385 776 Aur.
2435 715 2665 788 Victor,

458 811 720 872 Paullus
749 810 1078 881 Diaconus,
1109 805 1283 874 Se’xt.
1319 808 1545 880 Rufus,
1569 810 1720 870 inter
1748 809 1917 872 Hist.
1947 810 2116 891 Aug.
2148 812 2483 895 Scriptores
2508 813 2666 873 Lati-

457 929 568 973 nos
588 908 855 978 Minores
881 928 918 967 a
942 907 982 967 J
986 926 1103 970 ano
1131 905 1393 967 Gruter-o
1419 905 1630 968 editos.

537 1012 701 1068 1615
741 1004 1083 1067 Amstelod.
1124 1003 1222 1067 vel
1266 1004 1460 1083 Lugd.
1506 1005 1651 1066 Bat.
1699 1011 1797 1066 16.
1883 1004 1951 1066 S.
1984 1005 2142 1067 Aur.
2176 1006 2422 1077 Victor,
2472 1004 2669 1067 Rufus

461 1101 697 1175 Festus,
726 1102 995 1163 Messala
1023 1102 1341 1172 CorvinuS,
1374 1101 1742 1182 Eutropius
1726 1122 1787 1161 ιιι
1811 1100 1998 1162 Rom.
2031 1101 2206 1165 Hist.
2238 1102 2542 1184 Epitome.

538 1207 720 1285 1623·
743 1199 1037 1271 Genevae,
1065 1200 1171 1264 fol.
1219 1199 1506 1271 Messala,
1565 1197 1804 1272 Victor,
1849 1197 2075 1271 Rufus,
2114 1209 2177 1260 et
2216 1200 2562 1282 Eutropius,
2613 1201 2670 1260 in

461 1300 680 1361 recusis
705 1298 952 1380 Scriptt.
983 1296 1152 1360 Hist.
1194 1296 1382 1361 Rom.
1417 1297 1668 1360 Latinis.
1751 1297 1943 1379 Apud
1986 1297 2229 1359 viduam
2272 1299 2450 1359 Petri
2491 1300 2566 1359 de
2615 1299 2672 1358 la

459 1394 744 1460 Roviere.
2447 1423 2454 1430 ·

541 1499 701 1554 1625
744 1490 1216 1563 Amsterodami,
1259 1496 1368 1554 24.
1415 1489 1589 1551 Sext.
1620 1490 1778 1553 Aur.
1809 1490 2053 1563 Victor,
2082 1492 2255 1553 Sext.
2285 1491 2491 1552 Rufus
2534 1492 2673 1552 Fes-

455 1599 575 1663 tus,
604 1589 874 1650 Messala
916 1588 1235 1660 Corvinus,
1281 1586 1629 1666 Eutropius,
1674 1588 1782 1664 (ex
1828 1609 1948 1649 rec.
1992 1588 2237 1667 Vineti)
2288 1609 2427 1649 cum
2477 1589 2674 1661 Floro,

461 1686 708 1752 Velleio
737 1730 752 1747 .
779 1732 794 1751 .
821 1729 836 1746 .
867 1685 1096 1750 Paullo
1127 1684 1309 1745 Diae.
1342 1684 1725 1756 cassiodoro,
1752 1685 2084 1757 Jornande,
2130 1694 2193 1746 et
2242 1686 2675 1768 Exuperantio,

459 1785 520 1844 in
548 1783 718 1845 Hist.
749 1783 934 1846 Rom.
967 1782 1270 1863 Epitome.
1353 1781 1704 1842 Amsterod.
1736 1802 1836 1863 ap.
1882 1781 2134 1845 Gmiliel.
2162 1783 2360 1844 Janss.
2392 1784 2674 1846 Caesium.

542 1887 705 1942 1629
747 1880 1023 1960 Lugduni
1053 1881 1273 1941 Batav.
1328 1887 1431 1942 12.
1477 1879 1751 1941 Elzevir.
1793 1878 2172 1961 Respublica
2218 1881 2504 1941 Romana
2545 1890 2679 1962 post

461 1975 770 2041 Velleium
795 1986 857 2040 et
883 1977 1126 2040 Florum
1153 1978 1339 2037 habet
1360 1976 1680 2038 Aurelium
1720 1976 2061 2051 Victorem,
2109 1979 2491 2059 Eutropium,
2527 1977 2677 2038 Cas·

457 2075 758 2148 siodorum
785 2081 901 2136 διο.
929 2095 1076 2137 cura
1096 2076 1274 2136 Petri
1303 2074 1604 2142 Scriverii.

540 2181 703 2234 1630
743 2172 1084 2234 Amstelod.
1110 2179 1211 2234 12.
1249 2172 1444 2232 Iidem
1471 2191 1611 2236 cum
1642 2172 1889 2252 Scriptt.
1917 2173 2133 2234 ceteris
2157 2161 2532 2232 minoribuss

541 2277 705 2332 1632
748 2270 941 2349 Lugd.
970 2269 1113 2331 Bat.
1145 2274 1242 2332 12.
1282 2290 1360 2328 ex
1388 2268 1544 2331 offic.
1572 2267 1672 2332 JO.
1705 2269 1937 2348 Mairii.
1968 2277 2007 2330 5
2033 2270 2179 2332 voll.
2227 2269 2519 2330 Historiae
2546 2266 2680 2327 Au·

459 2376 648 2447 gustae
677 2367 1013 2447 Scriptores
1041 2365 1239 2426 Latini
1260 2367 1540 2438 minores,
1570 2387 1650 2427 ex
1679 2368 2018 2428 recensione
2049 2367 2144 2427 M.
2169 2367 2375 2426 Zuerii
2406 2365 2681 2426 Boxhor-

342 2515 347 2522 .
459 2465 567 2525 nii.
652 2462 729 2523 In
756 2462 875 2523 fine
903 2463 1141 2523 additas
1174 2463 1359 2523 habet
1396 2463 1832 2545 inscriptiones,
1862 2485 1997 2544 quae
2043 2462 2505 2545 Imperatorum,
2539 2482 2683 2542 quo·

458 2581 589 2622 rum
613 2561 755 2623 vitae
779 2561 878 2622 hic
905 2555 1342 2633 describuntur,
1380 2562 1746 2624 mentionem
1776 2560 2030 2634 faciunt,
2058 2561 2427 2634 illustriores,
2455 2579 2678 2620 necnon

460 2658 797 2719 Boxhornii
821 2662 882 2719 in
909 2660 1069 2739 ipsos
1095 2659 1234 2720 illos
1267 2660 1584 2739 scriptores
1626 2659 2194 2721 animadversiones.
2281 2658 2499 2718 Editor
2523 2656 2678 2717 haud

458 2755 647 2818 semel
667 2755 941 2816 dissentit
963 2776 1099 2816 cum
1118 2755 1414 2817 Salmasio
1437 2777 1455 2825 ;
1480 2775 1591 2816 nec
1607 2756 1697 2818 ita
1725 2755 2054 2820 Salmasius
2083 2763 2448 2836 praeceperat
2461 2753 2676 2823 omnia,

459 2862 534 2913 ut
551 2852 714 2914 haud
728 2852 1029 2930 juveniret
1071 2853 1477 2925 Boxhornius‚
1503 2853 1565 2913 in
1603 2874 1724 2933 quo
1757 2854 1942 2934 ipsius
1966 2853 2280 2935 diligentia
2306 2850 2678 2912 laudabiliter

458 2959 659 3032 posset
707 2951 946 3011 versari.
1059 2948 1466 3032 Reperiuntur
1518 2972 1660 3012 vero
1711 2952 1772 3010 in
1812 2952 1928 3011 hac
1975 2950 2370 3012 collectione:
2419 2947 2499 3011 C.
2551 2946 2675 3008 Jul.

462 3047 702 3119 Florus,
748 3047 831 3108 P.
863 3046 1140 3130 Velleius
1168 3047 1549 3119 PaterculuS,
1580 3046 1726 3109 Sex.
1785 3048 1944 3111 Aur.
1989 3046 2228 3120 Victor,
2280 3047 2430 3108 Sex.
2483 3044 2679 3105 Rufus

463 3144 699 3217 Festus,
749 3144 1017 3204 Messala
1060 3143 1379 3218 Corvinus,
1408 3145 1754 3225 Eutropius,
1787 3143 2202 3216 Cassiodorus,
2232 3144 2308 3205 C.
2340 3143 2678 3212 Suetonius),

461 3240 657 3302 AElius
689 3240 1045 3321 Spartianus
1067 3261 1204 3301 cum
1229 3242 1429 3313 sociis,
1457 3249 1521 3302 et
1547 3241 1909 3302 Ammianus
1936 3242 2351 3304 Marcellinus.

545 3342 705 3401 1647
749 3336 1100 3400 Amsterod.
1129 3344 1230 3400 12.
1276 3338 1342 3398 S.
1385 3338 1543 3399 Aur.
1573 3336 1817 3409 Victor,
1859 3337 2096 3411 Festus,
2137 3340 2325 3399 Mess.
2366 3337 2677 3407 Corvinus,

462 3431 810 3514 EutropiuS,
831 3455 967 3494 cum
987 3433 1191 3505 Flore,
1214 3433 1483 3506 Velleio,
1514 3435 1574 3493 in
1603 3434 1776 3496 Hist.
1807 3434 1993 3496 Rom.
2023 3435 2302 3516 Epitome
2329 3434 2493 3516 apud
2509 3434 2677 3494 Jans-

461 3548 714 3592 somum.

543 3632 711 3689 1649
751 3626 1027 3706 Lugduni
1055 3626 1198 3692 Bat.
1225 3633 1323 3688 12.
1370 3626 1568 3688 Iidem
1596 3627 1656 3687 in
1683 3627 1853 3690 Hist.
1883 3627 2069 3690 Rom.
2099 3629 2385 3710 Epitome
2408 3649 2444 3688 e
2471 3627 2678 3689 Museo

463 3720 617 3786 Nic.
642 3723 992 3786 Blancardi.
1016 3745 1116 3806 ap.
1146 3725 1304 3786 Adr.
1333 3723 1787 3805 Wyugaerden.

545 3825 706 3882 1653
743 3819 1034 3891 Genevae,
1087 3820 1193 3881 fol.
1249 3821 1802 3882 Pseudo-Messala
1858 3822 2044 3885 Corv.
2106 3822 2172 3883 S.
2228 3822 2388 3884 Aur.
2445 3820 2672 3888 Victor,

465 3915 694 3978 Sextus
717 3916 923 3981 Rufus
946 3938 996 3977 S.
1026 3918 1260 3991 Festus,
1292 3919 1623 3999 Eutropius
1648 3938 1783 3979 cum
1811 3918 1948 3979 aliis
1973 3923 2034 3982 in
2060 3920 2184 3981 vol.
2218 3936 2264 3981 1.
2296 3920 2482 4001 Corp.
2514 3916 2671 3978 Hist.

464 4011 652 4076 Rom.
679 4034 756 4076 ex
778 4013 875 4075 ed.
905 4020 1085 4076 1609.
1112 4024 1177 4075 et
1203 4022 1383 4076 1623.
1406 4015 1645 4096 repetiti
1666 4036 1769 4097 ap.
1796 4015 1963 4077 Sam.
1995 4015 2254 4080 Chouet.

546 4115 707 4173 1667
750 4109 1056 4188 Salmurii,
1111 4119 1171 4173 8.
1218 4112 1544 4193 Eutropius
1595 4121 1658 4172 et
1708 4113 1869 4175 Aur.
1926 4112 2167 4188 Victor,
2217 4134 2355 4176 cum
2408 4110 2671 4173 brevibus

464 4207 688 4272 notulis
711 4205 863 4268 Tan.
889 4207 1095 4270 Fabri.
2713 4203 2722 4224 ⁸
