<?xml version="1.0" encoding="UTF-8"?>
<!DOCTYPE html PUBLIC "-//W3C//DTD XHTML 1.0 Transitional//EN"
    "http://www.w3.org/TR/xhtml1/DTD/xhtml1-transitional.dtd">
<html xmlns="http://www.w3.org/1999/xhtml" xml:lang="en" lang="en">
 <head>
  <title>
</title>
<meta http-equiv="Content-Type" content="text/html;charset=utf-8" />
  <meta name='ocr-system' content='tesseract 3.04.00' />
  <meta name='ocr-capabilities' content='ocr_page ocr_carea ocr_par ocr_line ocrx_word'/>
</head>
<body>
  <div class='ocr_page' id='page_1' title='image "./sextiaureliivic00valpgoog_0202.png"; bbox 0 0 3025 4934; ppageno 0'>
   <div class='ocr_carea' id='block_1_1' title="bbox 520 365 655 430">
    <p class='ocr_par' dir='ltr' id='par_1_1' title="bbox 520 365 655 430">
     <span class='ocr_line' id='line_1_1' title="bbox 520 365 655 430; baseline -0.015 0"><span class='ocrx_word' id='word_1_1' title='bbox 520 365 655 430; x_wconf 73' lang='lat'><strong>644</strong></span> 
     </span>
    </p>
   </div>
   <div class='ocr_carea' id='block_1_2' title="bbox 1219 377 2031 430">
    <p class='ocr_par' dir='ltr' id='par_1_2' title="bbox 1219 377 2031 430">
     <span class='ocr_line' id='line_1_2' title="bbox 1219 377 2031 430; baseline 0.001 -1"><span class='ocrx_word' id='word_1_2' title='bbox 1219 380 1441 430; x_wconf 75' lang='lat' dir='ltr'>NOTAE</span> <span class='ocrx_word' id='word_1_3' title='bbox 1487 377 1897 430; x_wconf 67' lang='lat' dir='ltr'><strong>vamonum</strong></span> <span class='ocrx_word' id='word_1_4' title='bbox 1949 379 2031 430; x_wconf 74' lang='lat' dir='ltr'><strong>m</strong></span> 
     </span>
    </p>
   </div>
   <div class='ocr_carea' id='block_1_3' title="bbox 526 522 2729 590">
    <p class='ocr_par' dir='ltr' id='par_1_3' title="bbox 526 522 2729 590">
     <span class='ocr_line' id='line_1_3' title="bbox 526 522 2729 590; baseline 0.002 -18"><span class='ocrx_word' id='word_1_5' title='bbox 526 522 875 589; x_wconf 69' lang='lat' dir='ltr'><strong>agnominari,</strong></span> <span class='ocrx_word' id='word_1_6' title='bbox 896 522 1092 575; x_wconf 79' lang='lat' dir='ltr'><strong>doceor</strong></span> <span class='ocrx_word' id='word_1_7' title='bbox 1103 523 1173 575; x_wconf 84' lang='lat' dir='ltr'><strong>ab</strong></span> <span class='ocrx_word' id='word_1_8' title='bbox 1186 524 1339 589; x_wconf 74' lang='lat' dir='ltr'><strong>liuJus</strong></span> <span class='ocrx_word' id='word_1_9' title='bbox 1357 524 1455 574; x_wconf 74' lang='lat' dir='ltr'><strong>sevi</strong></span> <span class='ocrx_word' id='word_1_10' title='bbox 1473 538 1592 575; x_wconf 82' lang='lat' dir='ltr'><strong>ern·</strong></span> <span class='ocrx_word' id='word_1_11' title='bbox 1667 523 1834 588; x_wconf 65' lang='lat' dir='ltr'><strong>legem</strong></span> <span class='ocrx_word' id='word_1_12' title='bbox 1885 525 2145 589; x_wconf 67' lang='lat' dir='ltr'><strong>agrariam</strong></span> <span class='ocrx_word' id='word_1_13' title='bbox 2201 538 2299 590; x_wconf 84' lang='lat' dir='ltr'><strong>per</strong></span> <span class='ocrx_word' id='word_1_14' title='bbox 2335 524 2440 576; x_wconf 79' lang='lat' dir='ltr'><strong>vim</strong></span> <span class='ocrx_word' id='word_1_15' title='bbox 2489 524 2729 578; x_wconf 58' lang='lat' dir='ltr'><strong>tulisset?</strong></span> 
     </span>
    </p>
   </div>
   <div class='ocr_carea' id='block_1_4' title="bbox 525 600 1592 667">
    <p class='ocr_par' dir='ltr' id='par_1_4' title="bbox 525 600 1592 667">
     <span class='ocr_line' id='line_1_4' title="bbox 525 600 1592 667; baseline 0.003 -18"><span class='ocrx_word' id='word_1_16' title='bbox 525 600 651 650; x_wconf 81' lang='lat' dir='ltr'><strong>ditis</strong></span> <span class='ocrx_word' id='word_1_17' title='bbox 694 600 1072 652; x_wconf 71' lang='lat' dir='ltr'><strong>Diadematum</strong></span> <span class='ocrx_word' id='word_1_18' title='bbox 1111 602 1284 665; x_wconf 81' lang='lat' dir='ltr'><strong>potius</strong></span> <span class='ocrx_word' id='word_1_19' title='bbox 1326 602 1592 667; x_wconf 74' lang='lat' dir='ltr'><strong>cognomi·</strong></span> 
     </span>
    </p>
   </div>
   <div class='ocr_carea' id='block_1_5' title="bbox 514 675 1592 2489">
    <p class='ocr_par' dir='ltr' id='par_1_5' title="bbox 520 675 1592 1337">
     <span class='ocr_line' id='line_1_5' title="bbox 522 675 1591 743; baseline 0.002 -18"><span class='ocrx_word' id='word_1_20' title='bbox 522 675 750 726; x_wconf 82' lang='lat' dir='ltr'><strong>nandum</strong></span> <span class='ocrx_word' id='word_1_21' title='bbox 772 677 959 738; x_wconf 81' lang='lat' dir='ltr'><strong>videri,</strong></span> <span class='ocrx_word' id='word_1_22' title='bbox 979 677 1219 728; x_wconf 79' lang='lat' dir='ltr'><strong>Turnebo</strong></span> <span class='ocrx_word' id='word_1_23' title='bbox 1247 678 1302 727; x_wconf 86' lang='lat' dir='ltr'><strong>in</strong></span> <span class='ocrx_word' id='word_1_24' title='bbox 1323 679 1474 743; x_wconf 78' lang='lat' dir='ltr'><strong>jocos</strong></span> <span class='ocrx_word' id='word_1_25' title='bbox 1501 678 1591 729; x_wconf 88' lang='lat' dir='ltr'><strong>Ci-</strong></span> 
     </span>
     <span class='ocr_line' id='line_1_6' title="bbox 523 754 1592 819; baseline 0.004 -18"><span class='ocrx_word' id='word_1_26' title='bbox 523 755 745 810; x_wconf 84' lang='lat' dir='ltr'><strong>ceronis,</strong></span> <span class='ocrx_word' id='word_1_27' title='bbox 785 754 1035 804; x_wconf 72' lang='lat' dir='ltr'><strong>Lumbino</strong></span> <span class='ocrx_word' id='word_1_28' title='bbox 1067 755 1133 804; x_wconf 80' lang='lat' dir='ltr'><strong>ad</strong></span> <span class='ocrx_word' id='word_1_29' title='bbox 1168 755 1304 805; x_wconf 82' lang='lat' dir='ltr'><strong>AEm.</strong></span> <span class='ocrx_word' id='word_1_30' title='bbox 1337 756 1592 819; x_wconf 80' lang='lat' dir='ltr'><strong>Probum,</strong></span> 
     </span>
     <span class='ocr_line' id='line_1_7' title="bbox 520 830 1591 894; baseline 0 -15"><span class='ocrx_word' id='word_1_31' title='bbox 520 830 703 893; x_wconf 79' lang='lat' dir='ltr'><strong>steph.</strong></span> <span class='ocrx_word' id='word_1_32' title='bbox 728 830 917 894; x_wconf 77' lang='lat' dir='ltr'><strong>Pigbio</strong></span> <span class='ocrx_word' id='word_1_33' title='bbox 939 832 990 880; x_wconf 90' lang='lat' dir='ltr'><strong>in</strong></span> <span class='ocrx_word' id='word_1_34' title='bbox 1007 831 1123 881; x_wconf 78' lang='lat' dir='ltr'><strong>Vel.</strong></span> <span class='ocrx_word' id='word_1_35' title='bbox 1140 831 1286 882; x_wconf 80' lang='lat' dir='ltr'><strong>Max.</strong></span> <span class='ocrx_word' id='word_1_36' title='bbox 1305 832 1340 882; x_wconf 89' lang='lat' dir='ltr'><strong>l.</strong></span> <span class='ocrx_word' id='word_1_37' title='bbox 1356 845 1457 882; x_wconf 85' lang='lat' dir='ltr'><strong>vn.</strong></span> <span class='ocrx_word' id='word_1_38' title='bbox 1474 847 1524 881; x_wconf 86' lang='lat' dir='ltr'><strong>c.</strong></span> <span class='ocrx_word' id='word_1_39' title='bbox 1542 837 1591 883; x_wconf 87' lang='lat' dir='ltr'><strong>l.</strong></span> 
     </span>
     <span class='ocr_line' id='line_1_8' title="bbox 522 906 1591 957; baseline 0.001 -2"><span class='ocrx_word' id='word_1_40' title='bbox 522 906 707 955; x_wconf 76' lang='lat' dir='ltr'><strong>Fulvio</strong></span> <span class='ocrx_word' id='word_1_41' title='bbox 723 906 915 956; x_wconf 88' lang='lat' dir='ltr'><strong>Ursino</strong></span> <span class='ocrx_word' id='word_1_42' title='bbox 933 906 985 956; x_wconf 89' lang='lat' dir='ltr'><strong>iu</strong></span> <span class='ocrx_word' id='word_1_43' title='bbox 1009 906 1296 957; x_wconf 81' lang='lat' dir='ltr'><strong>orationem</strong></span> <span class='ocrx_word' id='word_1_44' title='bbox 1321 907 1591 957; x_wconf 82' lang='lat' dir='ltr'><strong>Ciceronis</strong></span> 
     </span>
     <span class='ocr_line' id='line_1_9' title="bbox 521 983 1590 1048; baseline 0.001 -16"><span class='ocrx_word' id='word_1_45' title='bbox 521 983 588 1032; x_wconf 73' lang='lat' dir='ltr'><strong>ad</strong></span> <span class='ocrx_word' id='word_1_46' title='bbox 612 983 843 1034; x_wconf 82' lang='lat' dir='ltr'><strong>Quirites</strong></span> <span class='ocrx_word' id='word_1_47' title='bbox 866 991 984 1046; x_wconf 85' lang='lat' dir='ltr'><strong>post</strong></span> <span class='ocrx_word' id='word_1_48' title='bbox 1006 984 1248 1034; x_wconf 82' lang='lat' dir='ltr'><strong>reditum.</strong></span> <span class='ocrx_word' id='word_1_49' title='bbox 1282 984 1452 1048; x_wconf 84' lang='lat' dir='ltr'><strong>quue</strong></span> <span class='ocrx_word' id='word_1_50' title='bbox 1466 999 1590 1033; x_wconf 82' lang='lat' dir='ltr'><strong>auc·</strong></span> 
     </span>
     <span class='ocr_line' id='line_1_10' title="bbox 522 1059 1590 1124; baseline 0.003 -17"><span class='ocrx_word' id='word_1_51' title='bbox 522 1060 742 1110; x_wconf 87' lang='lat' dir='ltr'><strong>toritate</strong></span> <span class='ocrx_word' id='word_1_52' title='bbox 777 1059 1048 1109; x_wconf 75' lang='lat' dir='ltr'><strong>Plutarchi</strong></span> <span class='ocrx_word' id='word_1_53' title='bbox 1087 1060 1142 1109; x_wconf 90' lang='lat' dir='ltr'><strong>in</strong></span> <span class='ocrx_word' id='word_1_54' title='bbox 1183 1060 1478 1124; x_wconf 83' lang='lat' dir='ltr'><strong>Coriolano,</strong></span> <span class='ocrx_word' id='word_1_55' title='bbox 1499 1059 1590 1110; x_wconf 90' lang='lat' dir='ltr'><strong>ubi</strong></span> 
     </span>
     <span class='ocr_line' id='line_1_11' title="bbox 521 1134 1590 1200; baseline 0.002 -16"><span class='ocrx_word' id='word_1_56' title='bbox 521 1135 619 1185; x_wconf 85' lang='lat' dir='ltr'><strong>boc</strong></span> <span class='ocrx_word' id='word_1_57' title='bbox 640 1136 805 1197; x_wconf 86' lang='lat' dir='ltr'><strong>ipsum</strong></span> <span class='ocrx_word' id='word_1_58' title='bbox 828 1134 1103 1200; x_wconf 78' lang='lat' dir='ltr'><strong>Xylauder</strong></span> <span class='ocrx_word' id='word_1_59' title='bbox 1137 1135 1456 1195; x_wconf 81' lang='lat' dir='ltr'><strong>observavit,</strong></span> <span class='ocrx_word' id='word_1_60' title='bbox 1489 1136 1590 1186; x_wconf 88' lang='lat' dir='ltr'><strong>ita·</strong></span> 
     </span>
     <span class='ocr_line' id='line_1_12' title="bbox 521 1210 1589 1275; baseline 0.005 -17"><span class='ocrx_word' id='word_1_61' title='bbox 521 1225 625 1275; x_wconf 86' lang='lat' dir='ltr'><strong>que</strong></span> <span class='ocrx_word' id='word_1_62' title='bbox 663 1210 887 1260; x_wconf 86' lang='lat' dir='ltr'><strong>Plinium</strong></span> <span class='ocrx_word' id='word_1_63' title='bbox 925 1210 1171 1262; x_wconf 73' lang='lat' dir='ltr'><strong>eruendat</strong></span> <span class='ocrx_word' id='word_1_64' title='bbox 1199 1212 1289 1263; x_wconf 80' lang='lat' dir='ltr'><strong>nb.</strong></span> <span class='ocrx_word' id='word_1_65' title='bbox 1309 1225 1414 1262; x_wconf 81' lang='lat' dir='ltr'><strong>vu.</strong></span> <span class='ocrx_word' id='word_1_66' title='bbox 1448 1211 1589 1263; x_wconf 81' lang='lat' dir='ltr'><strong>idem</strong></span> 
     </span>
     <span class='ocr_line' id='line_1_13' title="bbox 520 1285 1014 1337; baseline 0.006 -3"><span class='ocrx_word' id='word_1_67' title='bbox 520 1285 809 1336; x_wconf 74' lang='lat' dir='ltr'>Turnebus.</span> <span class='ocrx_word' id='word_1_68' title='bbox 823 1285 1014 1337; x_wconf 65' lang='lat' dir='ltr'><strong>Sabou.</strong></span> 
     </span>
    </p>

    <p class='ocr_par' dir='ltr' id='par_1_6' title="bbox 519 1363 1590 1568">
     <span class='ocr_line' id='line_1_14' title="bbox 590 1363 1589 1428; baseline 0.001 -14"><span class='ocrx_word' id='word_1_69' title='bbox 590 1363 726 1414; x_wconf 67' lang='lat' dir='ltr'><strong>CAP-</strong></span> <span class='ocrx_word' id='word_1_70' title='bbox 753 1376 895 1414; x_wconf 75' lang='lat' dir='ltr'><strong>nn.</strong></span> <span class='ocrx_word' id='word_1_71' title='bbox 946 1364 975 1428; x_wconf 61' lang='grc' dir='ltr'><strong>ξ</strong></span> <span class='ocrx_word' id='word_1_72' title='bbox 1003 1368 1027 1416; x_wconf 86' lang='grc'>1</span> <span class='ocrx_word' id='word_1_73' title='bbox 1076 1363 1315 1421; x_wconf 72' lang='lat' dir='ltr'><strong>Quinctiis</strong></span> <span class='ocrx_word' id='word_1_74' title='bbox 1340 1364 1589 1427; x_wconf 72' lang='lat' dir='ltr'><strong>Coecilius]</strong></span> 
     </span>
     <span class='ocr_line' id='line_1_15' title="bbox 523 1439 1590 1503; baseline 0.002 -14"><span class='ocrx_word' id='word_1_75' title='bbox 523 1439 731 1489; x_wconf 81' lang='lat' dir='ltr'><strong>Nomen</strong></span> <span class='ocrx_word' id='word_1_76' title='bbox 757 1440 805 1488; x_wconf 89' lang='lat' dir='ltr'><strong>in</strong></span> <span class='ocrx_word' id='word_1_77' title='bbox 841 1440 967 1490; x_wconf 75' lang='lat' dir='ltr'><strong>Mu.</strong></span> <span class='ocrx_word' id='word_1_78' title='bbox 989 1440 1164 1503; x_wconf 88' lang='lat' dir='ltr'><strong>reperi</strong></span> <span class='ocrx_word' id='word_1_79' title='bbox 1189 1440 1256 1498; x_wconf 82' lang='lat' dir='ltr'><strong>Q.</strong></span> <span class='ocrx_word' id='word_1_80' title='bbox 1272 1440 1455 1491; x_wconf 76' lang='lat' dir='ltr'><strong>Fabius</strong></span> <span class='ocrx_word' id='word_1_81' title='bbox 1479 1442 1590 1492; x_wconf 64' lang='grc' dir='ltr'><strong>(ἴα.</strong></span> 
     </span>
     <span class='ocr_line' id='line_1_16' title="bbox 519 1516 1158 1568; baseline 0.002 -4"><span class='ocrx_word' id='word_1_82' title='bbox 519 1516 665 1566; x_wconf 75' lang='lat' dir='ltr'><strong>cilius</strong></span> <span class='ocrx_word' id='word_1_83' title='bbox 688 1516 934 1566; x_wconf 77' lang='lat' dir='ltr'><strong>Metellus.</strong></span> <span class='ocrx_word' id='word_1_84' title='bbox 954 1516 1158 1568; x_wconf 83' lang='lat' dir='ltr'><strong>Schott.</strong></span> 
     </span>
    </p>

    <p class='ocr_par' dir='ltr' id='par_1_7' title="bbox 517 1593 1590 1808">
     <span class='ocr_line' id='line_1_17' title="bbox 587 1593 1590 1659; baseline 0.006 -18"><span class='ocrx_word' id='word_1_85' title='bbox 587 1593 903 1659; x_wconf 75' lang='lat' dir='ltr'><strong>Numidicus]</strong></span> <span class='ocrx_word' id='word_1_86' title='bbox 930 1594 1069 1646; x_wconf 79' lang='lat' dir='ltr'><strong>Quia</strong></span> <span class='ocrx_word' id='word_1_87' title='bbox 1105 1594 1420 1658; x_wconf 73' lang='lat' dir='ltr'><strong>Jussurtbsm</strong></span> <span class='ocrx_word' id='word_1_88' title='bbox 1460 1596 1590 1647; x_wconf 85' lang='lat' dir='ltr'><strong>duo·</strong></span> 
     </span>
     <span class='ocr_line' id='line_1_18' title="bbox 517 1667 1590 1734; baseline 0.006 -16"><span class='ocrx_word' id='word_1_89' title='bbox 517 1667 616 1718; x_wconf 83' lang='lat' dir='ltr'><strong>bus</strong></span> <span class='ocrx_word' id='word_1_90' title='bbox 634 1669 827 1730; x_wconf 71' lang='lat' dir='ltr'><strong>proeliis</strong></span> <span class='ocrx_word' id='word_1_91' title='bbox 850 1668 984 1721; x_wconf 83' lang='lat' dir='ltr'><strong>fudit</strong></span> <span class='ocrx_word' id='word_1_92' title='bbox 1003 1687 1021 1734; x_wconf 66' lang='grc' dir='ltr'>ς</span> <span class='ocrx_word' id='word_1_93' title='bbox 1057 1670 1173 1722; x_wconf 78' lang='lat' dir='ltr'><strong>vide</strong></span> <span class='ocrx_word' id='word_1_94' title='bbox 1193 1672 1405 1724; x_wconf 70' lang='lat' dir='ltr'><strong>Sallust.</strong></span> <span class='ocrx_word' id='word_1_95' title='bbox 1424 1675 1475 1724; x_wconf 92' lang='lat' dir='ltr'><strong>in</strong></span> <span class='ocrx_word' id='word_1_96' title='bbox 1492 1673 1590 1726; x_wconf 81' lang='lat' dir='ltr'><strong>Ju-</strong></span> 
     </span>
     <span class='ocr_line' id='line_1_19' title="bbox 521 1746 973 1808; baseline 0.004 -15"><span class='ocrx_word' id='word_1_97' title='bbox 521 1746 786 1808; x_wconf 76' lang='lat' dir='ltr'><strong>gurtliino.</strong></span> <span class='ocrx_word' id='word_1_98' title='bbox 807 1746 973 1795; x_wconf 73' lang='lat' dir='ltr'><strong>Mach-</strong></span> 
     </span>
    </p>

    <p class='ocr_par' dir='ltr' id='par_1_8' title="bbox 514 1823 1591 2331">
     <span class='ocr_line' id='line_1_20' title="bbox 589 1823 1589 1887; baseline 0.004 -16"><span class='ocrx_word' id='word_1_99' title='bbox 589 1823 691 1879; x_wconf 75' lang='lat' dir='ltr'><strong>Qui</strong></span> <span class='ocrx_word' id='word_1_100' title='bbox 708 1824 894 1887; x_wconf 72' lang='lat' dir='ltr'><strong>consul]</strong></span> <span class='ocrx_word' id='word_1_101' title='bbox 934 1824 1070 1874; x_wconf 79' lang='lat' dir='ltr'><strong>Haec</strong></span> <span class='ocrx_word' id='word_1_102' title='bbox 1090 1824 1253 1875; x_wconf 88' lang='lat' dir='ltr'><strong>lectio</strong></span> <span class='ocrx_word' id='word_1_103' title='bbox 1277 1840 1309 1874; x_wconf 87' lang='grc' dir='ltr'><strong>ιι</strong></span> <span class='ocrx_word' id='word_1_104' title='bbox 1329 1825 1474 1875; x_wconf 83' lang='lat' dir='ltr'><strong>libris</strong></span> <span class='ocrx_word' id='word_1_105' title='bbox 1496 1840 1589 1875; x_wconf 86' lang='lat' dir='ltr'><strong>an·</strong></span> 
     </span>
     <span class='ocr_line' id='line_1_21' title="bbox 522 1899 1591 1968; baseline 0.006 -20"><span class='ocrx_word' id='word_1_106' title='bbox 522 1899 676 1963; x_wconf 74' lang='lat' dir='ltr'><strong>tiquis</strong></span> <span class='ocrx_word' id='word_1_107' title='bbox 698 1909 801 1950; x_wconf 88' lang='lat' dir='ltr'><strong>est.</strong></span> <span class='ocrx_word' id='word_1_108' title='bbox 831 1900 1020 1951; x_wconf 64' lang='grc' dir='ltr'>δώσει.</span> <span class='ocrx_word' id='word_1_109' title='bbox 1086 1902 1153 1952; x_wconf 87' lang='lat' dir='ltr'><strong>In</strong></span> <span class='ocrx_word' id='word_1_110' title='bbox 1189 1903 1417 1968; x_wconf 84' lang='lat' dir='ltr'><strong>quinque</strong></span> <span class='ocrx_word' id='word_1_111' title='bbox 1456 1904 1591 1955; x_wconf 70' lang='lat' dir='ltr'><strong>Mss-</strong></span> 
     </span>
     <span class='ocr_line' id='line_1_22' title="bbox 520 1977 1590 2043; baseline 0.006 -18"><span class='ocrx_word' id='word_1_112' title='bbox 520 1986 577 2026; x_wconf 85' lang='lat' dir='ltr'><strong>et</strong></span> <span class='ocrx_word' id='word_1_113' title='bbox 601 1978 790 2026; x_wconf 88' lang='lat' dir='ltr'><strong>ceteris</strong></span> <span class='ocrx_word' id='word_1_114' title='bbox 816 1977 997 2039; x_wconf 82' lang='lat' dir='ltr'><strong>priscis</strong></span> <span class='ocrx_word' id='word_1_115' title='bbox 1021 1977 1143 2027; x_wconf 84' lang='lat' dir='ltr'><strong>edd.</strong></span> <span class='ocrx_word' id='word_1_116' title='bbox 1167 1986 1251 2028; x_wconf 84' lang='lat' dir='ltr'><strong>est</strong></span> <span class='ocrx_word' id='word_1_117' title='bbox 1286 1980 1370 2043; x_wconf 69' lang='lat' dir='ltr'><strong>qui</strong></span> <span class='ocrx_word' id='word_1_118' title='bbox 1400 1982 1461 2029; x_wconf 81' lang='lat' dir='ltr'><strong>dc</strong></span> <span class='ocrx_word' id='word_1_119' title='bbox 1490 1981 1590 2032; x_wconf 69' lang='lat' dir='ltr'><strong>Ju-</strong></span> 
     </span>
     <span class='ocr_line' id='line_1_23' title="bbox 514 2052 1588 2116; baseline 0.004 -15"><span class='ocrx_word' id='word_1_120' title='bbox 514 2052 698 2113; x_wconf 71' lang='lat' dir='ltr'><strong>gurtha</strong></span> <span class='ocrx_word' id='word_1_121' title='bbox 713 2068 829 2114; x_wconf 77' lang='lat' dir='ltr'><strong>rege</strong></span> <span class='ocrx_word' id='word_1_122' title='bbox 850 2053 1183 2116; x_wconf 61' lang='lat' dir='ltr'><strong>triumphavit.</strong></span> <span class='ocrx_word' id='word_1_123' title='bbox 1233 2055 1389 2110; x_wconf 82' lang='lat' dir='ltr'><strong>Solus</strong></span> <span class='ocrx_word' id='word_1_124' title='bbox 1412 2063 1588 2107; x_wconf 87' lang='lat' dir='ltr'><strong>tamen</strong></span> 
     </span>
     <span class='ocr_line' id='line_1_24' title="bbox 521 2129 1590 2196; baseline 0.006 -19"><span class='ocrx_word' id='word_1_125' title='bbox 521 2129 745 2193; x_wconf 83' lang='lat' dir='ltr'><strong>Fraucq.</strong></span> <span class='ocrx_word' id='word_1_126' title='bbox 778 2130 873 2192; x_wconf 78' lang='lat' dir='ltr'><strong>ite,</strong></span> <span class='ocrx_word' id='word_1_127' title='bbox 893 2136 952 2178; x_wconf 90' lang='lat' dir='ltr'><strong>ut</strong></span> <span class='ocrx_word' id='word_1_128' title='bbox 974 2144 1092 2179; x_wconf 87' lang='lat' dir='ltr'><strong>cum</strong></span> <span class='ocrx_word' id='word_1_129' title='bbox 1117 2130 1340 2181; x_wconf 84' lang='lat' dir='ltr'><strong>Schotto</strong></span> <span class='ocrx_word' id='word_1_130' title='bbox 1361 2132 1450 2182; x_wconf 88' lang='lat' dir='ltr'><strong>edi</strong></span> <span class='ocrx_word' id='word_1_131' title='bbox 1474 2133 1590 2196; x_wconf 83' lang='lat' dir='ltr'><strong>jus-</strong></span> 
     </span>
     <span class='ocr_line' id='line_1_25' title="bbox 518 2206 1590 2272; baseline 0.007 -20"><span class='ocrx_word' id='word_1_132' title='bbox 518 2206 699 2267; x_wconf 83' lang='lat' dir='ltr'><strong>simus,</strong></span> <span class='ocrx_word' id='word_1_133' title='bbox 739 2206 837 2256; x_wconf 80' lang='lat' dir='ltr'><strong>nisi</strong></span> <span class='ocrx_word' id='word_1_134' title='bbox 879 2206 1021 2271; x_wconf 85' lang='lat' dir='ltr'><strong>quod</strong></span> <span class='ocrx_word' id='word_1_135' title='bbox 1080 2207 1168 2256; x_wconf 86' lang='lat' dir='ltr'><strong>ille</strong></span> <span class='ocrx_word' id='word_1_136' title='bbox 1219 2208 1304 2272; x_wconf 76' lang='lat' dir='ltr'><strong>qia·</strong></span> <span class='ocrx_word' id='word_1_137' title='bbox 1359 2218 1590 2261; x_wconf 72' lang='lat' dir='ltr'><strong>tuentur.</strong></span> 
     </span>
     <span class='ocr_line' id='line_1_26' title="bbox 519 2281 695 2331; baseline 0 0"><span class='ocrx_word' id='word_1_138' title='bbox 519 2281 695 2331; x_wconf 73' lang='lat' dir='ltr'><strong>Aratz·</strong></span> 
     </span>
    </p>

    <p class='ocr_par' dir='ltr' id='par_1_9' title="bbox 518 2357 1589 2489">
     <span class='ocr_line' id='line_1_27' title="bbox 569 2357 1589 2424; baseline 0.006 -20"><span class='ocrx_word' id='word_1_139' title='bbox 569 2357 784 2420; x_wconf 61' lang='lat' dir='ltr'><strong>Censor]</strong></span> <span class='ocrx_word' id='word_1_140' title='bbox 807 2358 892 2408; x_wconf 89' lang='lat' dir='ltr'><strong>De</strong></span> <span class='ocrx_word' id='word_1_141' title='bbox 910 2370 1128 2408; x_wconf 79' lang='lat' dir='ltr'><strong>censura</strong></span> <span class='ocrx_word' id='word_1_142' title='bbox 1144 2359 1254 2424; x_wconf 85' lang='lat' dir='ltr'><strong>ejus</strong></span> <span class='ocrx_word' id='word_1_143' title='bbox 1272 2360 1465 2411; x_wconf 86' lang='lat' dir='ltr'><strong>Cicero</strong></span> <span class='ocrx_word' id='word_1_144' title='bbox 1491 2375 1589 2424; x_wconf 89' lang='lat' dir='ltr'><strong>pro</strong></span> 
     </span>
     <span class='ocr_line' id='line_1_28' title="bbox 518 2431 1588 2489; baseline 0.008 -9"><span class='ocrx_word' id='word_1_145' title='bbox 518 2431 735 2481; x_wconf 79' lang='lat' dir='ltr'><strong>Sextio:</strong></span> <span class='ocrx_word' id='word_1_146' title='bbox 788 2439 802 2460; x_wconf 81' lang='lat'>⁸</span> <span class='ocrx_word' id='word_1_147' title='bbox 820 2433 888 2484; x_wconf 85' lang='lat' dir='ltr'><strong>Q.</strong></span> <span class='ocrx_word' id='word_1_148' title='bbox 909 2434 1158 2485; x_wconf 73' lang='lat' dir='ltr'><strong>Metellus</strong></span> <span class='ocrx_word' id='word_1_149' title='bbox 1190 2450 1378 2487; x_wconf 87' lang='lat' dir='ltr'><strong>censor</strong></span> <span class='ocrx_word' id='word_1_150' title='bbox 1398 2435 1588 2489; x_wconf 85' lang='lat' dir='ltr'><strong>floren·</strong></span> 
     </span>
    </p>
   </div>
   <div class='ocr_carea' id='block_1_6' title="bbox 433 2509 1605 2652">
    <p class='ocr_par' dir='ltr' id='par_1_10' title="bbox 433 2509 1605 2652">
     <span class='ocr_line' id='line_1_29' title="bbox 433 2509 1587 2577; baseline 0.008 -20"><span class='ocrx_word' id='word_1_151' title='bbox 433 2569 440 2574; x_wconf 34' lang='lat'><strong>·</strong></span> <span class='ocrx_word' id='word_1_152' title='bbox 522 2517 627 2558; x_wconf 89' lang='lat' dir='ltr'><strong>tem</strong></span> <span class='ocrx_word' id='word_1_153' title='bbox 663 2509 920 2560; x_wconf 82' lang='lat' dir='ltr'><strong>homiuem</strong></span> <span class='ocrx_word' id='word_1_154' title='bbox 946 2511 995 2560; x_wconf 72' lang='lat' dir='ltr'><strong>iii</strong></span> <span class='ocrx_word' id='word_1_155' title='bbox 1021 2514 1258 2577; x_wconf 78' lang='lat' dir='ltr'><strong>populari</strong></span> <span class='ocrx_word' id='word_1_156' title='bbox 1285 2516 1489 2566; x_wconf 86' lang='lat' dir='ltr'><strong>ratione</strong></span> <span class='ocrx_word' id='word_1_157' title='bbox 1532 2518 1587 2567; x_wconf 81' lang='lat' dir='ltr'><strong>t..</strong></span> 
     </span>
     <span class='ocr_line' id='line_1_30' title="bbox 520 2586 1605 2652; baseline 0.008 -18"><span class='ocrx_word' id='word_1_158' title='bbox 520 2586 855 2635; x_wconf 86' lang='lat' dir='ltr'><strong>Saturninum</strong></span> <span class='ocrx_word' id='word_1_159' title='bbox 891 2601 1074 2637; x_wconf 83' lang='lat' dir='ltr'><strong>censor</strong></span> <span class='ocrx_word' id='word_1_160' title='bbox 1111 2592 1338 2652; x_wconf 78' lang='lat' dir='ltr'><strong>notavit,</strong></span> <span class='ocrx_word' id='word_1_161' title='bbox 1369 2600 1426 2642; x_wconf 88' lang='lat' dir='ltr'><strong>et</strong></span> <span class='ocrx_word' id='word_1_162' title='bbox 1463 2589 1605 2642; x_wconf 82' lang='lat' dir='ltr'><strong>insi·‘</strong></span> 
     </span>
    </p>
   </div>
   <div class='ocr_carea' id='block_1_7' title="bbox 465 2660 1592 4345">
    <p class='ocr_par' dir='ltr' id='par_1_11' title="bbox 471 2660 1591 3020">
     <span class='ocr_line' id='line_1_31' title="bbox 518 2660 1589 2725; baseline 0.009 -17"><span class='ocrx_word' id='word_1_163' title='bbox 518 2661 688 2710; x_wconf 86' lang='lat' dir='ltr'><strong>titium</strong></span> <span class='ocrx_word' id='word_1_164' title='bbox 715 2660 1031 2725; x_wconf 73' lang='lat' dir='ltr'><strong>Gracchum,</strong></span> <span class='ocrx_word' id='word_1_165' title='bbox 1056 2674 1239 2715; x_wconf 85' lang='lat' dir='ltr'><strong>contra</strong></span> <span class='ocrx_word' id='word_1_166' title='bbox 1273 2669 1372 2715; x_wconf 81' lang='lat' dir='ltr'><strong>vim</strong></span> <span class='ocrx_word' id='word_1_167' title='bbox 1413 2670 1589 2720; x_wconf 86' lang='lat' dir='ltr'><strong>multi·</strong></span> 
     </span>
     <span class='ocr_line' id='line_1_32' title="bbox 523 2737 1591 2807; baseline 0.007 -21"><span class='ocrx_word' id='word_1_168' title='bbox 523 2737 717 2790; x_wconf 84' lang='lat' dir='ltr'><strong>tudinis</strong></span> <span class='ocrx_word' id='word_1_169' title='bbox 770 2740 1021 2803; x_wconf 80' lang='lat' dir='ltr'><strong>incitatae,</strong></span> <span class='ocrx_word' id='word_1_170' title='bbox 1071 2756 1231 2792; x_wconf 86' lang='lat' dir='ltr'><strong>censu</strong></span> <span class='ocrx_word' id='word_1_171' title='bbox 1291 2744 1591 2807; x_wconf 65' lang='lat' dir='ltr'><strong>probibuit?</strong></span> 
     </span>
     <span class='ocr_line' id='line_1_33' title="bbox 520 2814 1589 2887; baseline 0.007 -24"><span class='ocrx_word' id='word_1_172' title='bbox 520 2814 612 2864; x_wconf 89' lang='lat' dir='ltr'><strong>Sic</strong></span> <span class='ocrx_word' id='word_1_173' title='bbox 631 2815 679 2863; x_wconf 84' lang='lat' dir='ltr'><strong>V</strong></span> <span class='ocrx_word' id='word_1_174' title='bbox 683 2815 871 2864; x_wconf 81' lang='lat' dir='ltr'><strong>alerius</strong></span> <span class='ocrx_word' id='word_1_175' title='bbox 896 2816 1027 2866; x_wconf 89' lang='lat' dir='ltr'><strong>libro</strong></span> <span class='ocrx_word' id='word_1_176' title='bbox 1052 2832 1204 2868; x_wconf 86' lang='lat' dir='ltr'><strong>nouo.</strong></span> <span class='ocrx_word' id='word_1_177' title='bbox 1243 2820 1589 2887; x_wconf 73' lang='lat' dir='ltr'><strong>Vulgatiqni·</strong></span> 
     </span>
     <span class='ocr_line' id='line_1_34' title="bbox 471 2883 1589 2961; baseline 0.01 -20"><span class='ocrx_word' id='word_1_178' title='bbox 471 2909 475 2922; x_wconf 88' lang='lat'><strong>·</strong></span> <span class='ocrx_word' id='word_1_179' title='bbox 520 2883 640 2942; x_wconf 79' lang='lat' dir='ltr'><strong>dam</strong></span> <span class='ocrx_word' id='word_1_180' title='bbox 662 2894 716 2942; x_wconf 81' lang='grc' dir='ltr'><strong>ιἰι</strong></span> <span class='ocrx_word' id='word_1_181' title='bbox 735 2909 877 2944; x_wconf 79' lang='lat' dir='ltr'><strong>censu</strong></span> <span class='ocrx_word' id='word_1_182' title='bbox 893 2895 978 2945; x_wconf 84' lang='lat' dir='ltr'><strong>bic</strong></span> <span class='ocrx_word' id='word_1_183' title='bbox 993 2897 1198 2961; x_wconf 62' lang='lat' dir='ltr'><strong>legunt,</strong></span> <span class='ocrx_word' id='word_1_184' title='bbox 1212 2897 1486 2950; x_wconf 74' lang='lat' dir='ltr'><strong>auferendi</strong></span> <span class='ocrx_word' id='word_1_185' title='bbox 1499 2915 1589 2952; x_wconf 88' lang='lat' dir='ltr'><strong>ca·</strong></span> 
     </span>
     <span class='ocr_line' id='line_1_35' title="bbox 519 2970 812 3021; baseline 0.004 -2"><span class='ocrx_word' id='word_1_186' title='bbox 519 2984 597 3019; x_wconf 81' lang='lat' dir='ltr'><strong>su.</strong></span> <span class='ocrx_word' id='word_1_187' title='bbox 622 2970 812 3021; x_wconf 58' lang='grc' dir='ltr'>δεήσει.</span> 
     </span>
    </p>

    <p class='ocr_par' dir='ltr' id='par_1_12' title="bbox 465 3046 1591 3947">
     <span class='ocr_line' id='line_1_36' title="bbox 586 3046 1590 3111; baseline 0.008 -16"><span class='ocrx_word' id='word_1_188' title='bbox 586 3046 890 3111; x_wconf 73' lang='lat' dir='ltr'><strong>Quinctium]</strong></span> <span class='ocrx_word' id='word_1_189' title='bbox 930 3049 1089 3101; x_wconf 85' lang='lat' dir='ltr'><strong>Hunc</strong></span> <span class='ocrx_word' id='word_1_190' title='bbox 1127 3066 1156 3099; x_wconf 83' lang='lat' dir='ltr'><strong>a</strong></span> <span class='ocrx_word' id='word_1_191' title='bbox 1192 3051 1318 3101; x_wconf 86' lang='lat' dir='ltr'><strong>Val.</strong></span> <span class='ocrx_word' id='word_1_192' title='bbox 1354 3053 1590 3104; x_wconf 79' lang='lat' dir='ltr'><strong>Maximo</strong></span> 
     </span>
     <span class='ocr_line' id='line_1_37' title="bbox 519 3123 1590 3189; baseline 0.009 -16"><span class='ocrx_word' id='word_1_193' title='bbox 519 3124 584 3173; x_wconf 91' lang='lat' dir='ltr'><strong>L.</strong></span> <span class='ocrx_word' id='word_1_194' title='bbox 601 3123 868 3189; x_wconf 75' lang='lat' dir='ltr'><strong>Equitium</strong></span> <span class='ocrx_word' id='word_1_195' title='bbox 896 3128 1072 3177; x_wconf 82' lang='lat' dir='ltr'><strong>Firmo</strong></span> <span class='ocrx_word' id='word_1_196' title='bbox 1092 3129 1291 3180; x_wconf 87' lang='lat' dir='ltr'><strong>Piceno</strong></span> <span class='ocrx_word' id='word_1_197' title='bbox 1313 3132 1590 3182; x_wconf 87' lang='lat' dir='ltr'><strong>oriundum</strong></span> 
     </span>
     <span class='ocr_line' id='line_1_38' title="bbox 522 3201 1591 3270; baseline 0.006 -20"><span class='ocrx_word' id='word_1_198' title='bbox 522 3201 558 3250; x_wconf 93' lang='grc'><strong>1.</strong></span> <span class='ocrx_word' id='word_1_199' title='bbox 580 3213 664 3250; x_wconf 76' lang='lat' dir='ltr'><strong>rx.</strong></span> <span class='ocrx_word' id='word_1_200' title='bbox 687 3217 843 3265; x_wconf 84' lang='lat' dir='ltr'><strong>capp.</strong></span> <span class='ocrx_word' id='word_1_201' title='bbox 864 3208 916 3254; x_wconf 80' lang='grc'><strong>7.</strong></span> <span class='ocrx_word' id='word_1_202' title='bbox 935 3213 991 3255; x_wconf 89' lang='lat' dir='ltr'><strong>et</strong></span> <span class='ocrx_word' id='word_1_203' title='bbox 1017 3209 1098 3255; x_wconf 79' lang='grc'><strong>16.</strong></span> <span class='ocrx_word' id='word_1_204' title='bbox 1123 3205 1191 3255; x_wconf 88' lang='lat' dir='ltr'><strong>de</strong></span> <span class='ocrx_word' id='word_1_205' title='bbox 1224 3207 1591 3270; x_wconf 74' lang='lat' dir='ltr'><strong>seditionibus,</strong></span> 
     </span>
     <span class='ocr_line' id='line_1_39' title="bbox 519 3278 1589 3343; baseline 0.011 -19"><span class='ocrx_word' id='word_1_206' title='bbox 519 3291 697 3326; x_wconf 85' lang='lat' dir='ltr'><strong>rursus</strong></span> <span class='ocrx_word' id='word_1_207' title='bbox 719 3278 814 3326; x_wconf 90' lang='lat' dir='ltr'><strong>lib.</strong></span> <span class='ocrx_word' id='word_1_208' title='bbox 837 3292 929 3329; x_wconf 89' lang='grc' dir='ltr'>ιιι.</span> <span class='ocrx_word' id='word_1_209' title='bbox 951 3295 1072 3343; x_wconf 75' lang='lat' dir='ltr'><strong>cup.</strong></span> <span class='ocrx_word' id='word_1_210' title='bbox 1090 3286 1140 3330; x_wconf 85' lang='grc'><strong>8.</strong></span> <span class='ocrx_word' id='word_1_211' title='bbox 1164 3282 1231 3331; x_wconf 86' lang='lat' dir='ltr'><strong>de</strong></span> <span class='ocrx_word' id='word_1_212' title='bbox 1254 3284 1554 3336; x_wconf 76' lang='lat' dir='ltr'><strong>constantis</strong></span> <span class='ocrx_word' id='word_1_213' title='bbox 1570 3301 1589 3336; x_wconf 75' lang='lat' dir='ltr'><em>z</em></span> 
     </span>
     <span class='ocr_line' id='line_1_40' title="bbox 520 3356 1589 3423; baseline 0.008 -20"><span class='ocrx_word' id='word_1_214' title='bbox 520 3369 552 3403; x_wconf 88' lang='lat' dir='ltr'><strong>a</strong></span> <span class='ocrx_word' id='word_1_215' title='bbox 595 3356 852 3404; x_wconf 87' lang='lat' dir='ltr'><strong>Cicerone</strong></span> <span class='ocrx_word' id='word_1_216' title='bbox 899 3356 950 3405; x_wconf 85' lang='lat' dir='ltr'><strong>in</strong></span> <span class='ocrx_word' id='word_1_217' title='bbox 994 3360 1248 3408; x_wconf 78' lang='lat' dir='ltr'><strong>oratioue-</strong></span> <span class='ocrx_word' id='word_1_218' title='bbox 1275 3374 1369 3423; x_wconf 87' lang='lat' dir='ltr'><strong>pro</strong></span> <span class='ocrx_word' id='word_1_219' title='bbox 1408 3362 1589 3412; x_wconf 82' lang='lat' dir='ltr'><strong>Sextio</strong></span> 
     </span>
     <span class='ocr_line' id='line_1_41' title="bbox 520 3430 1589 3496; baseline 0.007 -15"><span class='ocrx_word' id='word_1_220' title='bbox 520 3446 662 3494; x_wconf 84' lang='lat' dir='ltr'><strong>supr.</strong></span> <span class='ocrx_word' id='word_1_221' title='bbox 684 3433 713 3496; x_wconf 59' lang='grc' dir='ltr'><strong>ξ</strong></span> <span class='ocrx_word' id='word_1_222' title='bbox 733 3435 786 3482; x_wconf 76' lang='lat'><strong>4.</strong></span> <span class='ocrx_word' id='word_1_223' title='bbox 811 3432 829 3461; x_wconf 87' lang='lat'>‘</span> <span class='ocrx_word' id='word_1_224' title='bbox 847 3430 1121 3486; x_wconf 85' lang='lat' dir='ltr'><strong>insititium</strong></span> <span class='ocrx_word' id='word_1_225' title='bbox 1149 3434 1446 3486; x_wconf 81' lang='lat' dir='ltr'><strong>Gracchum</strong></span> <span class='ocrx_word' id='word_1_226' title='bbox 1467 3437 1503 3486; x_wconf 76' lang='grc' dir='ltr'><strong>ι’</strong></span> <span class='ocrx_word' id='word_1_227' title='bbox 1522 3438 1589 3490; x_wconf 83' lang='lat' dir='ltr'><strong>ab</strong></span> 
     </span>
     <span class='ocr_line' id='line_1_42' title="bbox 519 3507 1592 3573; baseline 0.009 -17"><span class='ocrx_word' id='word_1_228' title='bbox 519 3507 662 3556; x_wconf 78' lang='lat' dir='ltr'><strong>Ann-</strong></span> <span class='ocrx_word' id='word_1_229' title='bbox 699 3508 859 3557; x_wconf 89' lang='lat' dir='ltr'><strong>Floro</strong></span> <span class='ocrx_word' id='word_1_230' title='bbox 886 3510 945 3558; x_wconf 88' lang='lat' dir='ltr'><strong>C.</strong></span> <span class='ocrx_word' id='word_1_231' title='bbox 979 3512 1345 3573; x_wconf 65' lang='lat' dir='ltr'><strong>praenominati</strong></span> <span class='ocrx_word' id='word_1_232' title='bbox 1375 3512 1592 3568; x_wconf 77' lang='lat' dir='ltr'><strong>videol.</strong></span> 
     </span>
     <span class='ocr_line' id='line_1_43' title="bbox 465 3586 1590 3647; baseline 0.01 -12"><span class='ocrx_word' id='word_1_233' title='bbox 465 3586 467 3588; x_wconf 71' lang='grc'><strong><em>’</em></strong></span> <span class='ocrx_word' id='word_1_234' title='bbox 519 3600 610 3637; x_wconf 87' lang='grc' dir='ltr'>ιιι.</span> <span class='ocrx_word' id='word_1_235' title='bbox 630 3601 677 3635; x_wconf 88' lang='lat' dir='ltr'><strong>c.</strong></span> <span class='ocrx_word' id='word_1_236' title='bbox 697 3592 777 3637; x_wconf 80' lang='lat'><strong>16.</strong></span> <span class='ocrx_word' id='word_1_237' title='bbox 801 3595 855 3636; x_wconf 83' lang='lat' dir='ltr'><strong>ut</strong></span> <span class='ocrx_word' id='word_1_238' title='bbox 872 3589 943 3638; x_wconf 86' lang='lat' dir='ltr'><strong>sit</strong></span> <span class='ocrx_word' id='word_1_239' title='bbox 967 3590 1027 3637; x_wconf 78' lang='lat' dir='ltr'><strong>C·</strong></span> <span class='ocrx_word' id='word_1_240' title='bbox 1044 3590 1304 3647; x_wconf 77' lang='lat' dir='ltr'><strong>Quinctius</strong></span> <span class='ocrx_word' id='word_1_241' title='bbox 1323 3593 1590 3646; x_wconf 70' lang='lat' dir='ltr'><strong>Gracchus.</strong></span> 
     </span>
     <span class='ocr_line' id='line_1_44' title="bbox 515 3664 1589 3734; baseline 0.006 -21"><span class='ocrx_word' id='word_1_242' title='bbox 515 3664 721 3716; x_wconf 87' lang='lat' dir='ltr'><strong>Sebott.</strong></span> <span class='ocrx_word' id='word_1_243' title='bbox 807 3664 1020 3728; x_wconf 79' lang='lat' dir='ltr'><strong>Pighius</strong></span> <span class='ocrx_word' id='word_1_244' title='bbox 1058 3667 1198 3718; x_wconf 86' lang='grc' dir='ltr'>Αιιιι.</span> <span class='ocrx_word' id='word_1_245' title='bbox 1241 3677 1367 3719; x_wconf 85' lang='lat' dir='ltr'><strong>tom.</strong></span> <span class='ocrx_word' id='word_1_246' title='bbox 1405 3684 1496 3722; x_wconf 86' lang='grc' dir='ltr'>ιιι.</span> <span class='ocrx_word' id='word_1_247' title='bbox 1535 3687 1589 3734; x_wconf 89' lang='lat' dir='ltr'><strong>p.</strong></span> 
     </span>
     <span class='ocr_line' id='line_1_45' title="bbox 520 3741 1589 3811; baseline 0.008 -21"><span class='ocrx_word' id='word_1_248' title='bbox 520 3745 635 3791; x_wconf 83' lang='grc'>161.</span> <span class='ocrx_word' id='word_1_249' title='bbox 660 3741 873 3805; x_wconf 72' lang='lat' dir='ltr'><strong>legebat</strong></span> <span class='ocrx_word' id='word_1_250' title='bbox 891 3743 1159 3807; x_wconf 74' lang='lat' dir='ltr'><strong>Equitium.</strong></span> <span class='ocrx_word' id='word_1_251' title='bbox 1184 3746 1418 3802; x_wconf 64' lang='lat' dir='ltr'><strong>Quintum</strong></span> <span class='ocrx_word' id='word_1_252' title='bbox 1439 3749 1589 3811; x_wconf 86' lang='lat' dir='ltr'><strong>quin·</strong></span> 
     </span>
     <span class='ocr_line' id='line_1_46' title="bbox 520 3819 1589 3882; baseline 0.007 -15"><span class='ocrx_word' id='word_1_253' title='bbox 520 3833 622 3882; x_wconf 84' lang='lat' dir='ltr'><strong>que</strong></span> <span class='ocrx_word' id='word_1_254' title='bbox 645 3819 776 3869; x_wconf 86' lang='lat' dir='ltr'><strong>Mss.</strong></span> <span class='ocrx_word' id='word_1_255' title='bbox 792 3820 970 3872; x_wconf 81' lang='lat' dir='ltr'><strong>Haun.</strong></span> <span class='ocrx_word' id='word_1_256' title='bbox 991 3835 1117 3871; x_wconf 80' lang='lat' dir='ltr'><strong>vero</strong></span> <span class='ocrx_word' id='word_1_257' title='bbox 1132 3829 1187 3872; x_wconf 87' lang='lat' dir='ltr'><strong>et</strong></span> <span class='ocrx_word' id='word_1_258' title='bbox 1203 3823 1333 3873; x_wconf 89' lang='lat' dir='ltr'><strong>editi</strong></span> <span class='ocrx_word' id='word_1_259' title='bbox 1351 3824 1480 3873; x_wconf 86' lang='lat' dir='ltr'><strong>nibil</strong></span> <span class='ocrx_word' id='word_1_260' title='bbox 1499 3839 1589 3875; x_wconf 77' lang='lat' dir='ltr'><strong>va-</strong></span> 
     </span>
     <span class='ocr_line' id='line_1_47' title="bbox 519 3893 881 3947; baseline 0.008 -4"><span class='ocrx_word' id='word_1_261' title='bbox 519 3897 678 3944; x_wconf 85' lang='lat' dir='ltr'><strong>riant.</strong></span> <span class='ocrx_word' id='word_1_262' title='bbox 702 3893 881 3947; x_wconf 77' lang='lat' dir='ltr'><strong>Arulz.</strong></span> 
     </span>
    </p>

    <p class='ocr_par' dir='ltr' id='par_1_13' title="bbox 518 3970 1589 4345">
     <span class='ocr_line' id='line_1_48' title="bbox 585 3970 1589 4038; baseline 0.007 -19"><span class='ocrx_word' id='word_1_263' title='bbox 585 3971 666 4032; x_wconf 79' lang='lat'><strong>§2</strong></span> <span class='ocrx_word' id='word_1_264' title='bbox 691 3970 872 4031; x_wconf 73' lang='lat' dir='ltr'><strong>Legem</strong></span> <span class='ocrx_word' id='word_1_265' title='bbox 898 3970 1211 4037; x_wconf 75' lang='lat' dir='ltr'><strong>Appuleiam]</strong></span> <span class='ocrx_word' id='word_1_266' title='bbox 1243 3974 1349 4025; x_wconf 87' lang='lat' dir='ltr'><strong>Pro</strong></span> <span class='ocrx_word' id='word_1_267' title='bbox 1368 3989 1456 4038; x_wconf 83' lang='lat' dir='ltr'><strong>per</strong></span> <span class='ocrx_word' id='word_1_268' title='bbox 1484 3976 1589 4026; x_wconf 70' lang='lat' dir='ltr'><strong>oin</strong></span> 
     </span>
     <span class='ocr_line' id='line_1_49' title="bbox 520 4046 1587 4112; baseline 0.006 -17"><span class='ocrx_word' id='word_1_269' title='bbox 520 4046 732 4109; x_wconf 79' lang='lat' dir='ltr'><strong>reponit</strong></span> <span class='ocrx_word' id='word_1_270' title='bbox 753 4047 902 4096; x_wconf 80' lang='lat' dir='ltr'><strong>Leid.</strong></span> <span class='ocrx_word' id='word_1_271' title='bbox 916 4051 963 4097; x_wconf 90' lang='lat'><strong>1.</strong></span> <span class='ocrx_word' id='word_1_272' title='bbox 980 4050 1180 4112; x_wconf 68' lang='lat' dir='ltr'><strong>proinde</strong></span> <span class='ocrx_word' id='word_1_273' title='bbox 1194 4067 1216 4110; x_wconf 80' lang='lat'><strong>,-</strong></span> <span class='ocrx_word' id='word_1_274' title='bbox 1249 4048 1464 4101; x_wconf 82' lang='lat' dir='ltr'><strong>frustra.</strong></span> <span class='ocrx_word' id='word_1_275' title='bbox 1499 4052 1587 4103; x_wconf 86' lang='lat' dir='ltr'><strong>Ci-</strong></span> 
     </span>
     <span class='ocr_line' id='line_1_50' title="bbox 519 4121 1587 4190; baseline 0.007 -17"><span class='ocrx_word' id='word_1_276' title='bbox 519 4138 644 4173; x_wconf 89' lang='lat' dir='ltr'><strong>cero</strong></span> <span class='ocrx_word' id='word_1_277' title='bbox 666 4121 816 4173; x_wconf 87' lang='lat' dir='ltr'><strong>Orat.</strong></span> <span class='ocrx_word' id='word_1_278' title='bbox 837 4139 933 4187; x_wconf 88' lang='lat' dir='ltr'><strong>pro</strong></span> <span class='ocrx_word' id='word_1_279' title='bbox 958 4126 1144 4176; x_wconf 82' lang='lat' dir='ltr'><strong>Sextio</strong></span> <span class='ocrx_word' id='word_1_280' title='bbox 1169 4140 1289 4190; x_wconf 81' lang='lat' dir='ltr'><strong>cap.</strong></span> <span class='ocrx_word' id='word_1_281' title='bbox 1318 4132 1400 4178; x_wconf 83' lang='grc'><strong>16.</strong></span> <span class='ocrx_word' id='word_1_282' title='bbox 1421 4128 1438 4156; x_wconf 89' lang='lat'>‘</span> <span class='ocrx_word' id='word_1_283' title='bbox 1454 4129 1587 4179; x_wconf 87' lang='lat' dir='ltr'><strong>Cum</strong></span> 
     </span>
     <span class='ocr_line' id='line_1_51' title="bbox 520 4199 1588 4268; baseline 0.009 -22"><span class='ocrx_word' id='word_1_284' title='bbox 520 4213 651 4248; x_wconf 89' lang='lat' dir='ltr'><strong>nnus</strong></span> <span class='ocrx_word' id='word_1_285' title='bbox 673 4199 726 4248; x_wconf 86' lang='lat' dir='ltr'><strong>iu</strong></span> <span class='ocrx_word' id='word_1_286' title='bbox 762 4201 931 4266; x_wconf 73' lang='lat' dir='ltr'><strong>legem</strong></span> <span class='ocrx_word' id='word_1_287' title='bbox 967 4216 1063 4266; x_wconf 84' lang='lat' dir='ltr'><strong>per</strong></span> <span class='ocrx_word' id='word_1_288' title='bbox 1093 4204 1196 4254; x_wconf 77' lang='lat' dir='ltr'><strong>vim</strong></span> <span class='ocrx_word' id='word_1_289' title='bbox 1218 4203 1380 4253; x_wconf 77' lang='lat' dir='ltr'><strong>latam</strong></span> <span class='ocrx_word' id='word_1_290' title='bbox 1404 4204 1588 4268; x_wconf 78' lang='lat' dir='ltr'><strong>jurare</strong></span> 
     </span>
     <span class='ocr_line' id='line_1_52' title="bbox 518 4275 1589 4345; baseline 0.006 -17"><span class='ocrx_word' id='word_1_291' title='bbox 518 4275 795 4328; x_wconf 83' lang='lat' dir='ltr'><strong>noluerat.&#39;</strong></span> <span class='ocrx_word' id='word_1_292' title='bbox 859 4277 997 4329; x_wconf 80' lang='lat' dir='ltr'><strong>Livii</strong></span> <span class='ocrx_word' id='word_1_293' title='bbox 1013 4280 1161 4345; x_wconf 87' lang='lat' dir='ltr'><strong>Epit.</strong></span> <span class='ocrx_word' id='word_1_294' title='bbox 1183 4278 1221 4332; x_wconf 87' lang='lat'><strong>1.</strong></span> <span class='ocrx_word' id='word_1_295' title='bbox 1244 4292 1401 4332; x_wconf 76' lang='lat' dir='ltr'><strong>uix.</strong></span> <span class='ocrx_word' id='word_1_296' title='bbox 1423 4283 1437 4307; x_wconf 89' lang='lat'>‘</span> <span class='ocrx_word' id='word_1_297' title='bbox 1454 4281 1589 4336; x_wconf 83' lang='lat' dir='ltr'><strong>Cum</strong></span> 
     </span>
    </p>
   </div>
   <div class='ocr_carea' id='block_1_8' title="bbox 1650 600 2743 4346">
    <p class='ocr_par' dir='ltr' id='par_1_14' title="bbox 1664 600 1846 651">
     <span class='ocr_line' id='line_1_53' title="bbox 1664 600 1846 651; baseline -0.011 0"><span class='ocrx_word' id='word_1_298' title='bbox 1664 600 1846 651; x_wconf 71' lang='lat' dir='ltr'><strong>Arntz.</strong></span> 
     </span>
    </p>

    <p class='ocr_par' dir='ltr' id='par_1_15' title="bbox 1650 675 2741 2642">
     <span class='ocr_line' id='line_1_54' title="bbox 1712 675 2728 742; baseline 0.004 -16"><span class='ocrx_word' id='word_1_299' title='bbox 1712 677 1774 727; x_wconf 81' lang='grc' dir='ltr'><strong>Ιιι</strong></span> <span class='ocrx_word' id='word_1_300' title='bbox 1787 677 2010 728; x_wconf 65' lang='lat' dir='ltr'><strong>exsilium</strong></span> <span class='ocrx_word' id='word_1_301' title='bbox 2022 675 2183 741; x_wconf 70' lang='lat' dir='ltr'><strong>cetus]</strong></span> <span class='ocrx_word' id='word_1_302' title='bbox 2195 676 2493 742; x_wconf 74' lang='lat' dir='ltr'><strong>Appianas:</strong></span> <span class='ocrx_word' id='word_1_303' title='bbox 2512 678 2728 730; x_wconf 81' lang='lat' dir='ltr'><strong>‘Metel-</strong></span> 
     </span>
     <span class='ocr_line' id='line_1_55' title="bbox 1664 753 2729 818; baseline 0.004 -16"><span class='ocrx_word' id='word_1_304' title='bbox 1664 753 1764 816; x_wconf 82' lang='lat' dir='ltr'><strong>lus,</strong></span> <span class='ocrx_word' id='word_1_305' title='bbox 1789 768 1944 817; x_wconf 83' lang='lat' dir='ltr'><strong>quum</strong></span> <span class='ocrx_word' id='word_1_306' title='bbox 1967 767 2235 804; x_wconf 76' lang='lat' dir='ltr'><strong>censuram</strong></span> <span class='ocrx_word' id='word_1_307' title='bbox 2258 763 2488 818; x_wconf 66' lang='lat' dir='ltr'><strong>gereret,</strong></span> <span class='ocrx_word' id='word_1_308' title='bbox 2520 755 2729 806; x_wconf 74' lang='lat' dir='ltr'><strong>Glauci-</strong></span> 
     </span>
     <span class='ocr_line' id='line_1_56' title="bbox 1665 829 2730 894; baseline 0.006 -18"><span class='ocrx_word' id='word_1_309' title='bbox 1665 842 1748 878; x_wconf 79' lang='lat' dir='ltr'><strong>sm</strong></span> <span class='ocrx_word' id='word_1_310' title='bbox 1786 829 1953 878; x_wconf 72' lang='lat' dir='ltr'><strong>virum</strong></span> <span class='ocrx_word' id='word_1_311' title='bbox 1975 831 2310 887; x_wconf 70' lang='lat' dir='ltr'><strong>senatorium,</strong></span> <span class='ocrx_word' id='word_1_312' title='bbox 2331 839 2387 880; x_wconf 87' lang='lat' dir='ltr'><strong>et</strong></span> <span class='ocrx_word' id='word_1_313' title='bbox 2409 830 2730 894; x_wconf 82' lang='lat' dir='ltr'><strong>Appuleium</strong></span> 
     </span>
     <span class='ocr_line' id='line_1_57' title="bbox 1661 905 2730 971; baseline 0.002 -15"><span class='ocrx_word' id='word_1_314' title='bbox 1661 905 2017 966; x_wconf 70' lang='lat' dir='ltr'><strong>Saturninum,</strong></span> <span class='ocrx_word' id='word_1_315' title='bbox 2038 908 2126 971; x_wconf 87' lang='lat' dir='ltr'><strong>qui</strong></span> <span class='ocrx_word' id='word_1_316' title='bbox 2150 905 2471 960; x_wconf 81' lang='lat' dir='ltr'><strong>tribunatum</strong></span> <span class='ocrx_word' id='word_1_317' title='bbox 2495 917 2730 971; x_wconf 69' lang='lat' dir='ltr'><strong>ceperat,</strong></span> 
     </span>
     <span class='ocr_line' id='line_1_58' title="bbox 1662 982 2729 1048; baseline 0.001 -14"><span class='ocrx_word' id='word_1_318' title='bbox 1662 982 1732 1034; x_wconf 80' lang='lat' dir='ltr'><strong>ob</strong></span> <span class='ocrx_word' id='word_1_319' title='bbox 1754 984 1879 1035; x_wconf 77' lang='lat' dir='ltr'><strong>vitae</strong></span> <span class='ocrx_word' id='word_1_320' title='bbox 1916 985 2289 1048; x_wconf 77' lang='lat' dir='ltr'><strong>turpitudinem</strong></span> <span class='ocrx_word' id='word_1_321' title='bbox 2315 983 2577 1048; x_wconf 82' lang='lat' dir='ltr'><strong>dignitate</strong></span> <span class='ocrx_word' id='word_1_322' title='bbox 2596 1001 2729 1044; x_wconf 61' lang='lat' dir='ltr'><strong>sumq</strong></span> 
     </span>
     <span class='ocr_line' id='line_1_59' title="bbox 1661 1061 2733 1123; baseline 0.002 -13"><span class='ocrx_word' id='word_1_323' title='bbox 1661 1073 1873 1111; x_wconf 80' lang='lat' dir='ltr'><strong>movere</strong></span> <span class='ocrx_word' id='word_1_324' title='bbox 1897 1070 2114 1112; x_wconf 82' lang='lat' dir='ltr'><strong>conatus</strong></span> <span class='ocrx_word' id='word_1_325' title='bbox 2142 1069 2246 1123; x_wconf 82' lang='lat' dir='ltr'><strong>est,</strong></span> <span class='ocrx_word' id='word_1_326' title='bbox 2276 1061 2594 1112; x_wconf 79' lang='lat' dir='ltr'><strong>adversante</strong></span> <span class='ocrx_word' id='word_1_327' title='bbox 2626 1063 2733 1112; x_wconf 88' lang='lat' dir='ltr'><strong>col·</strong></span> 
     </span>
     <span class='ocr_line' id='line_1_60' title="bbox 1661 1137 2731 1202; baseline 0.001 -16"><span class='ocrx_word' id='word_1_328' title='bbox 1661 1137 1780 1200; x_wconf 68' lang='lat' dir='ltr'><strong>laga</strong></span> <span class='ocrx_word' id='word_1_329' title='bbox 1801 1139 2069 1202; x_wconf 72' lang='lat' dir='ltr'><strong>repulsusz</strong></span> <span class='ocrx_word' id='word_1_330' title='bbox 2101 1138 2286 1201; x_wconf 84' lang='lat' dir='ltr'><strong>jurare</strong></span> <span class='ocrx_word' id='word_1_331' title='bbox 2321 1145 2496 1188; x_wconf 75' lang='lat' dir='ltr'><strong>entem</strong></span> <span class='ocrx_word' id='word_1_332' title='bbox 2520 1152 2627 1187; x_wconf 89' lang='lat' dir='ltr'><strong>non</strong></span> <span class='ocrx_word' id='word_1_333' title='bbox 2649 1152 2731 1187; x_wconf 81' lang='lat' dir='ltr'><strong>su·</strong></span> 
     </span>
     <span class='ocr_line' id='line_1_61' title="bbox 1662 1212 2731 1277; baseline 0 -13"><span class='ocrx_word' id='word_1_334' title='bbox 1662 1212 1768 1264; x_wconf 89' lang='lat' dir='ltr'><strong>lum</strong></span> <span class='ocrx_word' id='word_1_335' title='bbox 1785 1212 2159 1277; x_wconf 76' lang='lat' dir='ltr'><strong>jusjurandum</strong></span> <span class='ocrx_word' id='word_1_336' title='bbox 2183 1213 2376 1275; x_wconf 87' lang='lat' dir='ltr'><strong>renuit,</strong></span> <span class='ocrx_word' id='word_1_337' title='bbox 2394 1212 2507 1269; x_wconf 82' lang='lat' dir='ltr'><strong>sed.</strong></span> <span class='ocrx_word' id='word_1_338' title='bbox 2530 1220 2592 1264; x_wconf 84' lang='lat' dir='ltr'><strong>ut</strong></span> <span class='ocrx_word' id='word_1_339' title='bbox 2626 1212 2731 1276; x_wconf 82' lang='lat' dir='ltr'><strong>pri-</strong></span> 
     </span>
     <span class='ocr_line' id='line_1_62' title="bbox 1663 1289 2730 1354; baseline 0.005 -17"><span class='ocrx_word' id='word_1_340' title='bbox 1663 1302 1722 1338; x_wconf 82' lang='lat' dir='ltr'><strong>us</strong></span> <span class='ocrx_word' id='word_1_341' title='bbox 1737 1290 2038 1354; x_wconf 79' lang='lat' dir='ltr'><strong>juraverat,</strong></span> <span class='ocrx_word' id='word_1_342' title='bbox 2069 1292 2332 1339; x_wconf 71' lang='lat' dir='ltr'><strong>constanti</strong></span> <span class='ocrx_word' id='word_1_343' title='bbox 2368 1289 2539 1338; x_wconf 83' lang='lat' dir='ltr'><strong>animo</strong></span> <span class='ocrx_word' id='word_1_344' title='bbox 2565 1297 2621 1339; x_wconf 89' lang='lat' dir='ltr'><strong>et</strong></span> <span class='ocrx_word' id='word_1_345' title='bbox 2654 1290 2730 1342; x_wconf 83' lang='lat' dir='ltr'><strong>in·</strong></span> 
     </span>
     <span class='ocr_line' id='line_1_63' title="bbox 1662 1362 2732 1429; baseline 0 -15"><span class='ocrx_word' id='word_1_346' title='bbox 1662 1364 1869 1428; x_wconf 80' lang='lat' dir='ltr'><strong>trepido</strong></span> <span class='ocrx_word' id='word_1_347' title='bbox 1885 1362 2156 1429; x_wconf 86' lang='lat' dir='ltr'><strong>perstitit.&#39;</strong></span> <span class='ocrx_word' id='word_1_348' title='bbox 2183 1364 2324 1416; x_wconf 86' lang='lat' dir='ltr'><strong>Inibi</strong></span> <span class='ocrx_word' id='word_1_349' title='bbox 2340 1364 2555 1414; x_wconf 79' lang='lat' dir='ltr'><strong>scribit:</strong></span> <span class='ocrx_word' id='word_1_350' title='bbox 2572 1364 2732 1416; x_wconf 87' lang='lat' dir='ltr'><strong>‘Cou-</strong></span> 
     </span>
     <span class='ocr_line' id='line_1_64' title="bbox 1661 1439 2732 1507; baseline 0.003 -16"><span class='ocrx_word' id='word_1_351' title='bbox 1661 1443 1800 1491; x_wconf 82' lang='lat' dir='ltr'><strong>sules</strong></span> <span class='ocrx_word' id='word_1_352' title='bbox 1831 1456 1926 1507; x_wconf 85' lang='lat' dir='ltr'><strong>per</strong></span> <span class='ocrx_word' id='word_1_353' title='bbox 1962 1455 2256 1505; x_wconf 75' lang='lat' dir='ltr'><strong>praeconem</strong></span> <span class='ocrx_word' id='word_1_354' title='bbox 2292 1439 2609 1491; x_wconf 79' lang='lat' dir='ltr'><strong>adnuntiare</strong></span> <span class='ocrx_word' id='word_1_355' title='bbox 2645 1441 2732 1505; x_wconf 83' lang='lat' dir='ltr'><strong>ju·</strong></span> 
     </span>
     <span class='ocr_line' id='line_1_65' title="bbox 1660 1516 2732 1583; baseline -0.002 -15"><span class='ocrx_word' id='word_1_356' title='bbox 1660 1516 1867 1583; x_wconf 84' lang='lat' dir='ltr'><strong>beutes,</strong></span> <span class='ocrx_word' id='word_1_357' title='bbox 1889 1518 2111 1570; x_wconf 85' lang='lat' dir='ltr'><strong>Metello</strong></span> <span class='ocrx_word' id='word_1_358' title='bbox 2128 1517 2234 1581; x_wconf 75' lang='lat' dir='ltr'><strong>igni</strong></span> <span class='ocrx_word' id='word_1_359' title='bbox 2255 1525 2312 1566; x_wconf 87' lang='lat' dir='ltr'><strong>et</strong></span> <span class='ocrx_word' id='word_1_360' title='bbox 2328 1531 2461 1581; x_wconf 81' lang='lat' dir='ltr'><strong>aqua</strong></span> <span class='ocrx_word' id='word_1_361' title='bbox 2486 1524 2732 1582; x_wconf 87' lang='lat' dir='ltr'><strong>tectoque</strong></span> 
     </span>
     <span class='ocr_line' id='line_1_66' title="bbox 1660 1594 2734 1657; baseline 0.003 -14"><span class='ocrx_word' id='word_1_362' title='bbox 1660 1595 1728 1643; x_wconf 84' lang='lat' dir='ltr'><strong>ab</strong></span> <span class='ocrx_word' id='word_1_363' title='bbox 1783 1596 2024 1645; x_wconf 86' lang='lat' dir='ltr'><strong>omuibus</strong></span> <span class='ocrx_word' id='word_1_364' title='bbox 2082 1594 2505 1646; x_wconf 85' lang='lat' dir='ltr'><strong>interdicendum</strong></span> <span class='ocrx_word' id='word_1_365' title='bbox 2564 1608 2688 1650; x_wconf 82' lang='lat' dir='ltr'><strong>esse</strong></span> <span class='ocrx_word' id='word_1_366' title='bbox 2717 1613 2734 1657; x_wconf 70' lang='grc' dir='ltr'><strong><em>ς</em></strong></span> 
     </span>
     <span class='ocr_line' id='line_1_67' title="bbox 1660 1670 2736 1734; baseline -0.001 -14"><span class='ocrx_word' id='word_1_367' title='bbox 1660 1670 2104 1734; x_wconf 74' lang='lat' dir='ltr'><strong>conquerentibus</strong></span> <span class='ocrx_word' id='word_1_368' title='bbox 2120 1678 2297 1720; x_wconf 81' lang='lat' dir='ltr'><strong>autem</strong></span> <span class='ocrx_word' id='word_1_369' title='bbox 2316 1672 2542 1720; x_wconf 83' lang='lat' dir='ltr'><strong>maxime</strong></span> <span class='ocrx_word' id='word_1_370' title='bbox 2565 1671 2634 1721; x_wconf 90' lang='lat' dir='ltr'><strong>de</strong></span> <span class='ocrx_word' id='word_1_371' title='bbox 2657 1672 2736 1720; x_wconf 81' lang='lat' dir='ltr'><strong>bis</strong></span> 
     </span>
     <span class='ocr_line' id='line_1_68' title="bbox 1660 1746 2734 1809; baseline 0.003 -13"><span class='ocrx_word' id='word_1_372' title='bbox 1660 1746 1880 1809; x_wconf 79' lang='lat' dir='ltr'><strong>civibus,</strong></span> <span class='ocrx_word' id='word_1_373' title='bbox 1901 1754 1956 1796; x_wconf 87' lang='lat' dir='ltr'><strong>et</strong></span> <span class='ocrx_word' id='word_1_374' title='bbox 1986 1748 2261 1798; x_wconf 84' lang='lat' dir='ltr'><strong>Metellum</strong></span> <span class='ocrx_word' id='word_1_375' title='bbox 2288 1748 2541 1798; x_wconf 80' lang='lat' dir='ltr'><strong>continuo</strong></span> <span class='ocrx_word' id='word_1_376' title='bbox 2573 1748 2734 1800; x_wconf 80' lang='lat' dir='ltr'><strong>armis</strong></span> 
     </span>
     <span class='ocr_line' id='line_1_69' title="bbox 1661 1822 2738 1888; baseline 0.002 -16"><span class='ocrx_word' id='word_1_377' title='bbox 1661 1822 2070 1887; x_wconf 84' lang='lat' dir='ltr'><strong>circumseptum</strong></span> <span class='ocrx_word' id='word_1_378' title='bbox 2114 1824 2584 1888; x_wconf 81' lang='lat' dir='ltr'><strong>praemittentibus‚</strong></span> <span class='ocrx_word' id='word_1_379' title='bbox 2617 1825 2738 1876; x_wconf 83' lang='lat' dir='ltr'><strong>Me·</strong></span> 
     </span>
     <span class='ocr_line' id='line_1_70' title="bbox 1661 1898 2736 1964; baseline 0.003 -17"><span class='ocrx_word' id='word_1_380' title='bbox 1661 1898 1818 1947; x_wconf 85' lang='lat' dir='ltr'><strong>tellus</strong></span> <span class='ocrx_word' id='word_1_381' title='bbox 1848 1913 1937 1949; x_wconf 82' lang='lat' dir='ltr'><strong>eos</strong></span> <span class='ocrx_word' id='word_1_382' title='bbox 1971 1902 2296 1964; x_wconf 80' lang='lat' dir='ltr'><strong>complexus,</strong></span> <span class='ocrx_word' id='word_1_383' title='bbox 2327 1908 2384 1950; x_wconf 88' lang='lat' dir='ltr'><strong>et</strong></span> <span class='ocrx_word' id='word_1_384' title='bbox 2412 1900 2736 1958; x_wconf 52' lang='lat' dir='ltr'><strong>‚electionem</strong></span> 
     </span>
     <span class='ocr_line' id='line_1_71' title="bbox 1662 1973 2737 2038; baseline 0.005 -15"><span class='ocrx_word' id='word_1_385' title='bbox 1662 1973 1941 2038; x_wconf 84' lang='lat' dir='ltr'><strong>plurimum</strong></span> <span class='ocrx_word' id='word_1_386' title='bbox 1973 1976 2341 2026; x_wconf 79' lang='lat' dir='ltr'><strong>commendans</strong></span> <span class='ocrx_word' id='word_1_387' title='bbox 2385 1976 2542 2033; x_wconf 82' lang='lat' dir='ltr'><strong>dixit,</strong></span> <span class='ocrx_word' id='word_1_388' title='bbox 2594 1977 2737 2028; x_wconf 81' lang='lat' dir='ltr'><strong>haud</strong></span> 
     </span>
     <span class='ocr_line' id='line_1_72' title="bbox 1663 2053 2736 2119; baseline 0.002 -17"><span class='ocrx_word' id='word_1_389' title='bbox 1663 2067 1867 2118; x_wconf 78' lang='lat' dir='ltr'><strong>oequum</strong></span> <span class='ocrx_word' id='word_1_390' title='bbox 1884 2055 1983 2104; x_wconf 84' lang='lat' dir='ltr'><strong>sibi</strong></span> <span class='ocrx_word' id='word_1_391' title='bbox 2004 2053 2168 2104; x_wconf 84' lang='lat' dir='ltr'><strong>videri</strong></span> <span class='ocrx_word' id='word_1_392' title='bbox 2185 2055 2296 2119; x_wconf 87' lang='lat' dir='ltr'><strong>ejus</strong></span> <span class='ocrx_word' id='word_1_393' title='bbox 2314 2069 2500 2104; x_wconf 68' lang='lat' dir='ltr'><strong>caussa</strong></span> <span class='ocrx_word' id='word_1_394' title='bbox 2520 2054 2736 2118; x_wconf 83' lang='lat' dir='ltr'><strong>aliquod</strong></span> 
     </span>
     <span class='ocr_line' id='line_1_73' title="bbox 1661 2129 2739 2196; baseline -0.001 -16"><span class='ocrx_word' id='word_1_395' title='bbox 1661 2129 1947 2180; x_wconf 80' lang='lat' dir='ltr'><strong>discrimen</strong></span> <span class='ocrx_word' id='word_1_396' title='bbox 1972 2130 2154 2182; x_wconf 81' lang='lat' dir='ltr'><strong>inferri</strong></span> <span class='ocrx_word' id='word_1_397' title='bbox 2180 2130 2364 2196; x_wconf 76' lang='lat' dir='ltr'><strong>patriae</strong></span> <span class='ocrx_word' id='word_1_398' title='bbox 2381 2146 2398 2181; x_wconf 73' lang='lat' dir='ltr'>z</span> <span class='ocrx_word' id='word_1_399' title='bbox 2446 2130 2529 2180; x_wconf 77' lang='lat' dir='ltr'><strong>bis</strong></span> <span class='ocrx_word' id='word_1_400' title='bbox 2557 2131 2739 2195; x_wconf 78' lang='lat' dir='ltr'><strong>dictis,</strong></span> 
     </span>
     <span class='ocr_line' id='line_1_74' title="bbox 1661 2206 2738 2273; baseline 0 -15"><span class='ocrx_word' id='word_1_401' title='bbox 1661 2206 1882 2258; x_wconf 83' lang='lat' dir='ltr'><strong>civitate</strong></span> <span class='ocrx_word' id='word_1_402' title='bbox 1918 2221 2160 2271; x_wconf 77' lang='lat' dir='ltr'><strong>egressus</strong></span> <span class='ocrx_word' id='word_1_403' title='bbox 2205 2206 2326 2257; x_wconf 66' lang='lat' dir='ltr'><strong>est!</strong></span> <span class='ocrx_word' id='word_1_404' title='bbox 2395 2206 2575 2259; x_wconf 80' lang='lat' dir='ltr'><strong>Florus</strong></span> <span class='ocrx_word' id='word_1_405' title='bbox 2607 2222 2738 2273; x_wconf 83' lang='lat' dir='ltr'><strong>quo·</strong></span> 
     </span>
     <span class='ocr_line' id='line_1_75' title="bbox 1660 2284 2740 2348; baseline -0.003 -12"><span class='ocrx_word' id='word_1_406' title='bbox 1660 2298 1794 2348; x_wconf 78' lang='lat' dir='ltr'><strong>que:</strong></span> <span class='ocrx_word' id='word_1_407' title='bbox 1842 2285 2191 2335; x_wconf 81' lang='lat' dir='ltr'><strong>‘Saturninus</strong></span> <span class='ocrx_word' id='word_1_408' title='bbox 2229 2284 2450 2333; x_wconf 88' lang='lat' dir='ltr'><strong>Metello</strong></span> <span class='ocrx_word' id='word_1_409' title='bbox 2490 2285 2740 2342; x_wconf 68' lang='lat' dir='ltr'><strong>Numidi·</strong></span> 
     </span>
     <span class='ocr_line' id='line_1_76' title="bbox 1660 2360 2738 2425; baseline 0.003 -15"><span class='ocrx_word' id='word_1_410' title='bbox 1660 2373 1745 2424; x_wconf 84' lang='lat' dir='ltr'><strong>co,</strong></span> <span class='ocrx_word' id='word_1_411' title='bbox 1764 2361 1902 2424; x_wconf 85' lang='lat' dir='ltr'><strong>quod</strong></span> <span class='ocrx_word' id='word_1_412' title='bbox 1938 2362 1991 2410; x_wconf 91' lang='lat' dir='ltr'><strong>iu</strong></span> <span class='ocrx_word' id='word_1_413' title='bbox 2028 2362 2195 2425; x_wconf 77' lang='lat' dir='ltr'><strong>legem</strong></span> <span class='ocrx_word' id='word_1_414' title='bbox 2221 2360 2494 2424; x_wconf 77' lang='lat' dir='ltr'><strong>Agrai-iam</strong></span> <span class='ocrx_word' id='word_1_415' title='bbox 2520 2363 2738 2414; x_wconf 84' lang='lat' dir='ltr'><strong>minime</strong></span> 
     </span>
     <span class='ocr_line' id='line_1_77' title="bbox 1650 2436 2741 2503; baseline 0.004 -18"><span class='ocrx_word' id='word_1_416' title='bbox 1650 2436 1901 2500; x_wconf 84' lang='lat' dir='ltr'><strong>jurasset,</strong></span> <span class='ocrx_word' id='word_1_417' title='bbox 1919 2438 2057 2487; x_wconf 84' lang='lat' dir='ltr'><strong>diem</strong></span> <span class='ocrx_word' id='word_1_418' title='bbox 2074 2438 2208 2489; x_wconf 83' lang='lat' dir='ltr'><strong>dixit</strong></span> <span class='ocrx_word' id='word_1_419' title='bbox 2228 2452 2243 2488; x_wconf 72' lang='grc' dir='ltr'><strong>ι</strong></span> <span class='ocrx_word' id='word_1_420' title='bbox 2278 2440 2364 2503; x_wconf 89' lang='lat' dir='ltr'><strong>qui</strong></span> <span class='ocrx_word' id='word_1_421' title='bbox 2389 2454 2419 2488; x_wconf 88' lang='lat' dir='ltr'><strong>a</strong></span> <span class='ocrx_word' id='word_1_422' title='bbox 2440 2438 2590 2490; x_wconf 88' lang='lat' dir='ltr'><strong>bouis</strong></span> <span class='ocrx_word' id='word_1_423' title='bbox 2608 2439 2741 2489; x_wconf 77' lang='lat' dir='ltr'><strong>civi·</strong></span> 
     </span>
     <span class='ocr_line' id='line_1_78' title="bbox 1665 2510 2738 2572; baseline 0.005 -10"><span class='ocrx_word' id='word_1_424' title='bbox 1665 2512 1763 2562; x_wconf 86' lang='lat' dir='ltr'><strong>bus</strong></span> <span class='ocrx_word' id='word_1_425' title='bbox 1779 2510 2040 2572; x_wconf 81' lang='lat' dir='ltr'><strong>defensus,</strong></span> <span class='ocrx_word' id='word_1_426' title='bbox 2060 2515 2112 2564; x_wconf 90' lang='lat' dir='ltr'><strong>in</strong></span> <span class='ocrx_word' id='word_1_427' title='bbox 2127 2514 2474 2568; x_wconf 81' lang='lat' dir='ltr'><strong>voluntarium</strong></span> <span class='ocrx_word' id='word_1_428' title='bbox 2492 2516 2738 2568; x_wconf 79' lang='lat' dir='ltr'><strong>exsilium</strong></span> 
     </span>
     <span class='ocr_line' id='line_1_79' title="bbox 1664 2588 2024 2642; baseline -0.006 0"><span class='ocrx_word' id='word_1_429' title='bbox 1664 2588 1835 2642; x_wconf 51' lang='lat' dir='ltr'><strong>abiit?</strong></span> <span class='ocrx_word' id='word_1_430' title='bbox 1857 2592 2024 2642; x_wconf 75' lang='lat' dir='ltr'><strong>Maeli.</strong></span> 
     </span>
    </p>

    <p class='ocr_par' dir='ltr' id='par_1_16' title="bbox 1661 2665 2743 3713">
     <span class='ocr_line' id='line_1_80' title="bbox 1726 2665 2740 2736; baseline 0.005 -20"><span class='ocrx_word' id='word_1_431' title='bbox 1726 2665 2008 2731; x_wconf 67' lang='lat' dir='ltr'><strong>»Sirim-nam]</strong></span> <span class='ocrx_word' id='word_1_432' title='bbox 2063 2665 2207 2721; x_wconf 74' lang='lat' dir='ltr'><strong>Asiae</strong></span> <span class='ocrx_word' id='word_1_433' title='bbox 2253 2668 2455 2731; x_wconf 87' lang='lat' dir='ltr'><strong>urbem,</strong></span> <span class='ocrx_word' id='word_1_434' title='bbox 2511 2670 2740 2736; x_wconf 80' lang='lat' dir='ltr'><strong>Homeri</strong></span> 
     </span>
     <span class='ocr_line' id='line_1_81' title="bbox 1664 2731 2739 2812; baseline 0.005 -20"><span class='ocrx_word' id='word_1_435' title='bbox 1664 2744 1908 2808; x_wconf 79' lang='lat' dir='ltr'><strong>patriam.</strong></span> <span class='ocrx_word' id='word_1_436' title='bbox 1974 2744 2039 2795; x_wconf 87' lang='lat' dir='ltr'><strong>Id</strong></span> <span class='ocrx_word' id='word_1_437' title='bbox 2066 2760 2248 2796; x_wconf 83' lang='lat' dir='ltr'><strong>versus</strong></span> <span class='ocrx_word' id='word_1_438' title='bbox 2273 2746 2489 2810; x_wconf 69' lang='lat' dir='ltr'><strong>probate</strong></span> <span class='ocrx_word' id='word_1_439' title='bbox 2523 2731 2739 2812; x_wconf 77' lang='lat' dir='ltr'><strong>‘Smyr-</strong></span> 
     </span>
     <span class='ocr_line' id='line_1_82' title="bbox 1661 2819 2741 2886; baseline 0.006 -18"><span class='ocrx_word' id='word_1_440' title='bbox 1661 2834 1749 2876; x_wconf 78' lang='lat' dir='ltr'><strong>ns‚</strong></span> <span class='ocrx_word' id='word_1_441' title='bbox 1766 2819 1995 2879; x_wconf 80' lang='lat' dir='ltr'><strong>Rhodos,</strong></span> <span class='ocrx_word' id='word_1_442' title='bbox 2018 2819 2308 2886; x_wconf 81' lang='lat' dir='ltr'><strong>Colophon,</strong></span> <span class='ocrx_word' id='word_1_443' title='bbox 2332 2823 2585 2881; x_wconf 77' lang='lat' dir='ltr'><strong>Salamin,</strong></span> <span class='ocrx_word' id='word_1_444' title='bbox 2618 2824 2741 2886; x_wconf 86' lang='lat' dir='ltr'><strong>Cos,</strong></span> 
     </span>
     <span class='ocr_line' id='line_1_83' title="bbox 1662 2895 2741 2959; baseline 0.004 -14"><span class='ocrx_word' id='word_1_445' title='bbox 1662 2895 1859 2959; x_wconf 72' lang='lat' dir='ltr'><strong>Argos,</strong></span> <span class='ocrx_word' id='word_1_446' title='bbox 1879 2896 2122 2952; x_wconf 67' lang='lat' dir='ltr'><strong>Athene,</strong></span> <span class='ocrx_word' id='word_1_447' title='bbox 2140 2897 2365 2948; x_wconf 86' lang='lat' dir='ltr'><strong>Certant</strong></span> <span class='ocrx_word' id='word_1_448' title='bbox 2377 2897 2444 2947; x_wconf 85' lang='lat' dir='ltr'><strong>de</strong></span> <span class='ocrx_word' id='word_1_449' title='bbox 2462 2898 2741 2949; x_wconf 82' lang='lat' dir='ltr'><strong>Homero.&#39;</strong></span> 
     </span>
     <span class='ocr_line' id='line_1_84' title="bbox 1663 2972 2740 3028; baseline 0.006 -8"><span class='ocrx_word' id='word_1_450' title='bbox 1663 2972 1831 3023; x_wconf 73' lang='lat' dir='ltr'><strong>Maeli.</strong></span> <span class='ocrx_word' id='word_1_451' title='bbox 1910 2972 2043 3022; x_wconf 63' lang='lat' dir='ltr'><strong>Hac</strong></span> <span class='ocrx_word' id='word_1_452' title='bbox 2078 2973 2221 3028; x_wconf 82' lang='lat' dir='ltr'><strong>inter</strong></span> <span class='ocrx_word' id='word_1_453' title='bbox 2265 2981 2464 3024; x_wconf 65' lang='lat' dir='ltr'><strong>cetera</strong></span> <span class='ocrx_word' id='word_1_454' title='bbox 2503 2977 2740 3026; x_wconf 85' lang='lat' dir='ltr'><strong>auctoris</strong></span> 
     </span>
     <span class='ocr_line' id='line_1_85' title="bbox 1663 3045 2741 3113; baseline 0.005 -16"><span class='ocrx_word' id='word_1_455' title='bbox 1663 3048 1816 3113; x_wconf 83' lang='lat' dir='ltr'><strong>hujus</strong></span> <span class='ocrx_word' id='word_1_456' title='bbox 1842 3045 2158 3112; x_wconf 72' lang='grc' dir='ltr'><strong><em>ἁμαρτήματα</em></strong></span> <span class='ocrx_word' id='word_1_457' title='bbox 2189 3051 2528 3100; x_wconf 84' lang='lat' dir='ltr'><strong>numeranda.</strong></span> <span class='ocrx_word' id='word_1_458' title='bbox 2595 3052 2741 3103; x_wconf 75' lang='lat' dir='ltr'><strong>Rho·</strong></span> 
     </span>
     <span class='ocr_line' id='line_1_86' title="bbox 1663 3125 2739 3182; baseline 0.007 -9"><span class='ocrx_word' id='word_1_459' title='bbox 1663 3125 1788 3175; x_wconf 88' lang='lat' dir='ltr'><strong>dum</strong></span> <span class='ocrx_word' id='word_1_460' title='bbox 1830 3129 1966 3176; x_wconf 89' lang='lat' dir='ltr'><strong>enim</strong></span> <span class='ocrx_word' id='word_1_461' title='bbox 2010 3128 2063 3176; x_wconf 86' lang='lat' dir='ltr'><strong>in</strong></span> <span class='ocrx_word' id='word_1_462' title='bbox 2107 3127 2454 3177; x_wconf 69' lang='lat' dir='ltr'><strong>voluntarium</strong></span> <span class='ocrx_word' id='word_1_463' title='bbox 2491 3129 2739 3182; x_wconf 76' lang='lat' dir='ltr'><strong>exsilium</strong></span> 
     </span>
     <span class='ocr_line' id='line_1_87' title="bbox 1664 3202 2740 3275; baseline 0.004 -23"><span class='ocrx_word' id='word_1_464' title='bbox 1664 3202 1904 3275; x_wconf 69' lang='lat' dir='ltr'><strong>secessit.</strong></span> <span class='ocrx_word' id='word_1_465' title='bbox 1988 3203 2234 3268; x_wconf 86' lang='lat' dir='ltr'><strong>Epitoma</strong></span> <span class='ocrx_word' id='word_1_466' title='bbox 2271 3204 2407 3254; x_wconf 81' lang='lat' dir='ltr'><strong>Livii</strong></span> <span class='ocrx_word' id='word_1_467' title='bbox 2439 3205 2533 3254; x_wconf 77' lang='lat' dir='ltr'><strong>lib.</strong></span> <span class='ocrx_word' id='word_1_468' title='bbox 2576 3217 2740 3258; x_wconf 67' lang='lat'>2111.</span> 
     </span>
     <span class='ocr_line' id='line_1_88' title="bbox 1665 3279 2740 3345; baseline 0.006 -17"><span class='ocrx_word' id='word_1_469' title='bbox 1665 3285 1723 3328; x_wconf 89' lang='lat' dir='ltr'><strong>et</strong></span> <span class='ocrx_word' id='word_1_470' title='bbox 1766 3279 2104 3330; x_wconf 68' lang='lat' dir='ltr'><strong>Plutarchus.</strong></span> <span class='ocrx_word' id='word_1_471' title='bbox 2195 3281 2464 3345; x_wconf 83' lang='lat' dir='ltr'><strong>Deceptus</strong></span> <span class='ocrx_word' id='word_1_472' title='bbox 2509 3281 2740 3334; x_wconf 76' lang='lat' dir='ltr'><strong>fortasse</strong></span> 
     </span>
     <span class='ocr_line' id='line_1_89' title="bbox 1666 3355 2741 3421; baseline 0.004 -16"><span class='ocrx_word' id='word_1_473' title='bbox 1666 3355 1884 3405; x_wconf 71' lang='lat' dir='ltr'><strong>nominis</strong></span> <span class='ocrx_word' id='word_1_474' title='bbox 1926 3355 2204 3420; x_wconf 71' lang='lat' dir='ltr'><strong>affinitate,</strong></span> <span class='ocrx_word' id='word_1_475' title='bbox 2226 3358 2364 3421; x_wconf 87' lang='lat' dir='ltr'><strong>quod</strong></span> <span class='ocrx_word' id='word_1_476' title='bbox 2390 3357 2454 3407; x_wconf 83' lang='lat' dir='ltr'><strong>P.</strong></span> <span class='ocrx_word' id='word_1_477' title='bbox 2487 3357 2741 3420; x_wconf 82' lang='lat' dir='ltr'><strong>Rutilius,</strong></span> 
     </span>
     <span class='ocr_line' id='line_1_90' title="bbox 1662 3433 2743 3497; baseline 0.004 -15"><span class='ocrx_word' id='word_1_478' title='bbox 1662 3446 1765 3482; x_wconf 89' lang='lat' dir='ltr'><strong>nou</strong></span> <span class='ocrx_word' id='word_1_479' title='bbox 1801 3434 1870 3485; x_wconf 85' lang='lat' dir='ltr'><strong>Q.</strong></span> <span class='ocrx_word' id='word_1_480' title='bbox 1911 3433 2154 3484; x_wconf 80' lang='lat' dir='ltr'><strong>Caecilius</strong></span> <span class='ocrx_word' id='word_1_481' title='bbox 2194 3435 2426 3497; x_wconf 72' lang='lat' dir='ltr'><strong>Smyrnae</strong></span> <span class='ocrx_word' id='word_1_482' title='bbox 2462 3435 2743 3486; x_wconf 78' lang='lat' dir='ltr'><strong>exsulavit·</strong></span> 
     </span>
     <span class='ocr_line' id='line_1_91' title="bbox 1664 3510 2739 3574; baseline 0.002 -13"><span class='ocrx_word' id='word_1_483' title='bbox 1664 3510 1855 3562; x_wconf 84' lang='lat' dir='ltr'><strong>Cicero</strong></span> <span class='ocrx_word' id='word_1_484' title='bbox 1892 3523 1989 3574; x_wconf 88' lang='lat' dir='ltr'><strong>pro</strong></span> <span class='ocrx_word' id='word_1_485' title='bbox 2021 3511 2143 3561; x_wconf 87' lang='lat' dir='ltr'><strong>Cor.</strong></span> <span class='ocrx_word' id='word_1_486' title='bbox 2183 3511 2352 3560; x_wconf 85' lang='lat' dir='ltr'><strong>Balbo</strong></span> <span class='ocrx_word' id='word_1_487' title='bbox 2386 3518 2441 3561; x_wconf 86' lang='lat' dir='ltr'><strong>et</strong></span> <span class='ocrx_word' id='word_1_488' title='bbox 2470 3512 2523 3561; x_wconf 90' lang='lat' dir='ltr'><strong>in</strong></span> <span class='ocrx_word' id='word_1_489' title='bbox 2549 3513 2739 3564; x_wconf 87' lang='lat' dir='ltr'><strong>Bruto.</strong></span> 
     </span>
     <span class='ocr_line' id='line_1_92' title="bbox 1664 3586 2740 3647; baseline 0.005 -12"><span class='ocrx_word' id='word_1_490' title='bbox 1664 3586 1855 3636; x_wconf 67' lang='grc' dir='ltr'>δώσει.</span> <span class='ocrx_word' id='word_1_491' title='bbox 1922 3586 2137 3647; x_wconf 70' lang='lat' dir='ltr'><strong>Pighius</strong></span> <span class='ocrx_word' id='word_1_492' title='bbox 2161 3587 2227 3636; x_wconf 86' lang='lat' dir='ltr'><strong>ad</strong></span> <span class='ocrx_word' id='word_1_493' title='bbox 2253 3588 2372 3637; x_wconf 82' lang='lat' dir='ltr'><strong>Val.</strong></span> <span class='ocrx_word' id='word_1_494' title='bbox 2401 3588 2660 3639; x_wconf 83' lang='lat' dir='ltr'><strong>Max.1v.</strong></span> <span class='ocrx_word' id='word_1_495' title='bbox 2691 3593 2740 3639; x_wconf 85' lang='grc'><strong>1.</strong></span> 
     </span>
     <span class='ocr_line' id='line_1_93' title="bbox 1663 3662 2049 3713; baseline -0.003 0"><span class='ocrx_word' id='word_1_496' title='bbox 1663 3678 1748 3713; x_wconf 84' lang='lat' dir='ltr'><strong>ex.</strong></span> <span class='ocrx_word' id='word_1_497' title='bbox 1770 3667 1852 3713; x_wconf 74' lang='lat'><strong>13.</strong></span> <span class='ocrx_word' id='word_1_498' title='bbox 1870 3662 2049 3713; x_wconf 71' lang='lat' dir='ltr'><strong>Amtz.</strong></span> 
     </span>
    </p>

    <p class='ocr_par' dir='ltr' id='par_1_17' title="bbox 1661 3739 2739 4346">
     <span class='ocr_line' id='line_1_94' title="bbox 1729 3739 2739 3805; baseline 0.002 -16"><span class='ocrx_word' id='word_1_499' title='bbox 1729 3742 1758 3804; x_wconf 82' lang='lat'>§</span> <span class='ocrx_word' id='word_1_500' title='bbox 1781 3744 1812 3789; x_wconf 74' lang='lat'><strong>3</strong></span> <span class='ocrx_word' id='word_1_501' title='bbox 1840 3739 2076 3805; x_wconf 71' lang='lat' dir='ltr'><strong>claudia]</strong></span> <span class='ocrx_word' id='word_1_502' title='bbox 2099 3739 2294 3792; x_wconf 70' lang='lat' dir='ltr'><strong>Calidio</strong></span> <span class='ocrx_word' id='word_1_503' title='bbox 2313 3739 2635 3803; x_wconf 81' lang='lat' dir='ltr'><strong>legendum·</strong></span> <span class='ocrx_word' id='word_1_504' title='bbox 2671 3741 2739 3791; x_wconf 86' lang='lat' dir='ltr'><strong>si·</strong></span> 
     </span>
     <span class='ocr_line' id='line_1_95' title="bbox 1661 3816 2737 3883; baseline 0 -17"><span class='ocrx_word' id='word_1_505' title='bbox 1661 3817 1871 3883; x_wconf 85' lang='lat' dir='ltr'><strong>quidem</strong></span> <span class='ocrx_word' id='word_1_506' title='bbox 1915 3816 1985 3869; x_wconf 80' lang='lat' dir='ltr'><strong>Q.</strong></span> <span class='ocrx_word' id='word_1_507' title='bbox 2021 3818 2250 3867; x_wconf 73' lang='lat' dir='ltr'><strong>Calidius</strong></span> <span class='ocrx_word' id='word_1_508' title='bbox 2289 3817 2533 3866; x_wconf 84' lang='lat' dir='ltr'><strong>tribunus</strong></span> <span class='ocrx_word' id='word_1_509' title='bbox 2566 3817 2737 3879; x_wconf 83' lang='lat' dir='ltr'><strong>plebis</strong></span> 
     </span>
     <span class='ocr_line' id='line_1_96' title="bbox 1662 3894 2739 3960; baseline 0 -15"><span class='ocrx_word' id='word_1_510' title='bbox 1662 3896 1831 3960; x_wconf 74' lang='lat' dir='ltr'><strong>legem</strong></span> <span class='ocrx_word' id='word_1_511' title='bbox 1862 3895 2016 3957; x_wconf 83' lang='lat' dir='ltr'><strong>hanc,</strong></span> <span class='ocrx_word' id='word_1_512' title='bbox 2036 3908 2137 3960; x_wconf 78' lang='lat' dir='ltr'><strong>que</strong></span> <span class='ocrx_word' id='word_1_513' title='bbox 2160 3895 2213 3944; x_wconf 91' lang='lat' dir='ltr'><strong>in</strong></span> <span class='ocrx_word' id='word_1_514' title='bbox 2243 3895 2520 3944; x_wconf 86' lang='lat' dir='ltr'><strong>civitatem</strong></span> <span class='ocrx_word' id='word_1_515' title='bbox 2553 3894 2739 3945; x_wconf 85' lang='lat' dir='ltr'><strong>Numi·</strong></span> 
     </span>
     <span class='ocr_line' id='line_1_97' title="bbox 1662 3970 2739 4032; baseline -0.001 -13"><span class='ocrx_word' id='word_1_516' title='bbox 1662 3970 1809 4020; x_wconf 81' lang='lat' dir='ltr'><strong>dicus</strong></span> <span class='ocrx_word' id='word_1_517' title='bbox 1832 3970 2240 4032; x_wconf 52' lang='lat' dir='ltr'><strong>restitueretur,</strong></span> <span class='ocrx_word' id='word_1_518' title='bbox 2272 3970 2411 4020; x_wconf 88' lang='lat' dir='ltr'><strong>tulit.</strong></span> <span class='ocrx_word' id='word_1_519' title='bbox 2449 3970 2573 4020; x_wconf 85' lang='lat' dir='ltr'><strong>Val.</strong></span> <span class='ocrx_word' id='word_1_520' title='bbox 2599 3983 2659 4022; x_wconf 80' lang='lat' dir='ltr'><strong>v.</strong></span> <span class='ocrx_word' id='word_1_521' title='bbox 2689 3974 2739 4020; x_wconf 76' lang='grc'><strong>7.</strong></span> 
     </span>
     <span class='ocr_line' id='line_1_98' title="bbox 1661 4047 2732 4110; baseline 0.001 -14"><span class='ocrx_word' id='word_1_522' title='bbox 1661 4047 1729 4097; x_wconf 84' lang='lat' dir='ltr'><strong>de</strong></span> <span class='ocrx_word' id='word_1_523' title='bbox 1762 4047 2124 4109; x_wconf 78' lang='lat' dir='ltr'><strong>Gretitudine,</strong></span> <span class='ocrx_word' id='word_1_524' title='bbox 2149 4047 2336 4098; x_wconf 83' lang='lat' dir='ltr'><strong>Cicero</strong></span> <span class='ocrx_word' id='word_1_525' title='bbox 2358 4061 2454 4110; x_wconf 88' lang='lat' dir='ltr'><strong>pro</strong></span> <span class='ocrx_word' id='word_1_526' title='bbox 2481 4047 2732 4100; x_wconf 67' lang='lat' dir='ltr'><strong>Plancina</strong></span> 
     </span>
     <span class='ocr_line' id='line_1_99' title="bbox 1662 4124 2734 4188; baseline 0 -12"><span class='ocrx_word' id='word_1_527' title='bbox 1662 4132 1717 4176; x_wconf 86' lang='lat' dir='ltr'><strong>ct</strong></span> <span class='ocrx_word' id='word_1_528' title='bbox 1759 4124 1967 4176; x_wconf 83' lang='lat' dir='ltr'><strong>Claudii</strong></span> <span class='ocrx_word' id='word_1_529' title='bbox 2002 4124 2231 4188; x_wconf 85' lang='lat' dir='ltr'><strong>patricii,</strong></span> <span class='ocrx_word' id='word_1_530' title='bbox 2274 4136 2593 4188; x_wconf 85' lang='lat' dir='ltr'><strong>quamquam</strong></span> <span class='ocrx_word' id='word_1_531' title='bbox 2631 4138 2734 4176; x_wconf 86' lang='lat' dir='ltr'><strong>non</strong></span> 
     </span>
     <span class='ocr_line' id='line_1_100' title="bbox 1662 4200 2735 4263; baseline -0.003 -9"><span class='ocrx_word' id='word_1_532' title='bbox 1662 4216 1862 4254; x_wconf 87' lang='lat' dir='ltr'><strong>omnes.</strong></span> <span class='ocrx_word' id='word_1_533' title='bbox 1898 4200 2257 4252; x_wconf 78' lang='lat' dir='ltr'><strong>Observatum</strong></span> <span class='ocrx_word' id='word_1_534' title='bbox 2278 4200 2377 4252; x_wconf 83' lang='lat' dir='ltr'><strong>boc</strong></span> <span class='ocrx_word' id='word_1_535' title='bbox 2395 4209 2582 4263; x_wconf 85' lang='lat' dir='ltr'><strong>postea</strong></span> <span class='ocrx_word' id='word_1_536' title='bbox 2595 4216 2735 4252; x_wconf 83' lang='lat' dir='ltr'><strong>com-</strong></span> 
     </span>
     <span class='ocr_line' id='line_1_101' title="bbox 1661 4277 2736 4346; baseline -0.004 -14"><span class='ocrx_word' id='word_1_537' title='bbox 1661 4282 1778 4346; x_wconf 86' lang='lat' dir='ltr'><strong>peri</strong></span> <span class='ocrx_word' id='word_1_538' title='bbox 1800 4296 1832 4331; x_wconf 88' lang='lat' dir='ltr'><strong>a</strong></span> <span class='ocrx_word' id='word_1_539' title='bbox 1854 4280 2163 4334; x_wconf 79' lang='lat' dir='ltr'><strong>Sebastiano</strong></span> <span class='ocrx_word' id='word_1_540' title='bbox 2176 4277 2410 4332; x_wconf 85' lang='lat' dir='ltr'><strong>Corrado</strong></span> <span class='ocrx_word' id='word_1_541' title='bbox 2431 4277 2487 4334; x_wconf 85' lang='lat' dir='ltr'><strong>in</strong></span> <span class='ocrx_word' id='word_1_542' title='bbox 2509 4277 2736 4342; x_wconf 79' lang='lat' dir='ltr'><strong>Brutum</strong></span> 
     </span>
    </p>
   </div>
   <div class='ocr_carea' id='block_1_9' title="bbox 2959 87 2965 2113">
    <p class='ocr_par' dir='ltr' id='par_1_18' title="bbox 2959 87 2965 2113">
     <span class='ocr_line' id='line_1_102' title="bbox 2959 87 2965 2113; baseline 0 0"><span class='ocrx_word' id='word_1_543' title='bbox 2959 87 2965 2113; x_wconf 95' lang='lat' dir='ltr'><strong> </strong></span> 
     </span>
    </p>
   </div>
  </div>
 </body>
</html>
