3025 4934
588 360 873 411 AUREL.
905 358 1103 408 VIGT·
1136 358 1364 408 VIROS
1411 357 1764 409 lubus'rn.
1812 359 1975 409 cAP.
2024 358 2251 408 Lxlx.

336 501 515 554 Paullo
535 501 694 555 aliter
714 503 827 554 haec
849 502 986 563 Livii
1019 500 1386 564 abbreviatum

334 587 385 629 et
426 580 581 631 Oros.
629 594 681 630 v.
717 582 803 631 21.
875 579 1101 631 Marium
1146 578 1384 628 nimirum

332 672 441 707 cum
476 659 670 708 Pontio
705 657 985 708 Tlielesino
1022 655 1161 720 fugas
1197 657 1385 709 comite

330 735 504 783 stricto
536 734 794 802 utrimque
834 733 1007 797 gladio
1042 733 1383 794 concurrisse,

327 822 473 871 quem
493 821 609 858 cum
627 808 919 863 occidisset,
935 808 1163 857 saucium
1183 823 1213 855 a
1232 822 1383 857 servo

326 882 646 946 inpetrasse,
667 891 726 934 ut
748 899 803 934 se
825 883 1107 933 occideret.
1174 883 1309 933 Vide
1328 889 1383 933 et

325 960 566 1011 Ve11.1ib.
603 973 648 1014 1.
680 969 734 1012 et
755 960 881 1012 Juu.
905 961 1226 1011 Hadrianum
1248 960 1378 1012 Aui-

323 1036 485 1087 madv.
508 1051 596 1087 m.
619 1042 702 1087 12.
744 1037 934 1087 Schott.

384 1113 655 1179 Theless'no]
691 1114 888 1178 scripti
911 1114 1031 1164 libri
1057 1114 1251 1178 absque
1273 1114 1376 1179 spi-

295 1251 299 1256 ·
322 1188 419 1239 ritu
445 1191 679 1250 Telesino.
711 1192 912 1242 Schott.
934 1192 1062 1242 Not.
1085 1193 1221 1243 Min.

379 1266 624 1331 Proebus't]
665 1268 811 1318 Leid.
836 1273 882 1317 1.
902 1268 1127 1318 tradidit.
1178 1269 1373 1319 Eadem

319 1347 396 1390 est
415 1343 647 1393 varietas
676 1344 812 1408 apud
838 1344 993 1395 Oros.
1028 1346 1081 1394 iu
1116 1345 1233 1397 cod.
1273 1347 1373 1397 Ms.

316 1429 366 1465 v.
399 1420 476 1469 12.
523 1417 751 1484 ‘Ibique
787 1434 853 1470 ne
888 1422 1032 1471 vivus
1071 1432 1371 1488 caperetur,

318 1495 566 1544 cervicem
606 1510 759 1545 servo
795 1507 889 1547 suo
933 1498 1212 1561 praebuitz'
1265 1501 1371 1552 illic

314 1582 526 1637 namque
558 1573 612 1622 in
647 1586 712 1622 eo
745 1573 927 1623 codice
950 1575 1152 1625 tradidit
1174 1578 1368 1638 reperi-

314 1649 408 1697 tur.
468 1648 575 1698 Sed
599 1657 818 1713 recepta
846 1650 1002 1700 lectio
1024 1652 1139 1700 loco
1163 1667 1368 1701 moven-

311 1721 373 1771 da
403 1738 503 1775 non
526 1733 626 1777 est.
696 1726 980 1776 ⁴Praebere
1002 1721 1088 1775 se’
1122 1726 1368 1777 dicuutur

310 1796 375 1853 bi.
395 1802 480 1864 qui
515 1817 610 1851 sua
641 1809 830 1863 sponte
852 1817 912 1852 se
932 1805 1085 1853 morti
1108 1804 1369 1855 obferunt.

259 1879 266 1882 ’
309 1872 449 1924 Idem
490 1877 712 1928 Orosius
754 1883 937 1929 vsu.
985 1879 1141 1942 ‘Ipse
1182 1882 1366 1930 leviter

310 1950 599 2004 vulneratus
632 1956 887 2005 cervicem
919 1970 1072 2007 servo
1105 1972 1201 2007 suo
1237 1974 1364 2021 prae-

309 2024 452 2078 buit.’
484 2031 633 2095 Epit.
652 2033 786 2082 Livii
802 2032 894 2083 lib.
909 2048 1163 2085 nxxxm.
1186 2036 1363 2086 ‘Pras-

307 2101 426 2153 bens
468 2109 751 2174 cervicem,
796 2117 854 2161 ut
898 2125 954 2160 se
1009 2110 1364 2164 interficeret!

308 2178 498 2267 §succa
525 2185 676 2236 Suas.
702 2199 807 2236 vu.
838 2191 922 2238 43.
952 2188 970 2217 ‘
990 2188 1360 2254 Praebentique

306 2267 543 2310 inmotam
582 2262 859 2324 cervicem,
889 2272 1049 2326 caput
1085 2265 1362 2327 praecisum

305 2333 415 2410 est.’
474 2338 659 2388 Contr.
676 2351 753 2387 ιν.
774 2342 855 2387 25.
874 2354 925 2402 p.
940 2342 1055 2388 304.
1078 2347 1091 2368 ·
1108 2340 1359 2391 Miserum

304 2417 435 2461 stare
467 2413 533 2465 sd
579 2414 890 2478 praebendas
929 2418 1158 2466 cervices
1197 2417 1360 2468 inmo·

306 2487 441 2540 tum)
507 2491 863 2554 Declamatio,
893 2508 1007 2558 quae
1043 2492 1176 2543 falso
1209 2494 1359 2544 Cice·

304 2565 407 2613 roni
429 2566 702 2632 tribuitur,
723 2579 900 2633 anteq.
934 2570 1036 2619 iret
1056 2571 1107 2619 iu
1128 2573 1276 2622 exsil.
1311 2588 1360 2622 c.

302 2642 348 2687 8·
396 2647 410 2671 ⁸
436 2642 545 2694 Ore
590 2660 844 2711 oppresso
890 2648 1196 2710 praebendas
1241 2663 1356 2699 esse

303 2718 562 2772 cervices!
630 2722 752 2772 val.
803 2725 949 2774 Max.
988 2738 1041 2773 v.
1085 2730 1134 2775 9.
1176 2740 1261 2784 ex.
1302 2730 1353 2777 4.

301 2792 401 2844 ‘Ac
412 2796 653 2862 jugulum
677 2798 968 2850 feriendum
995 2803 1268 2864 praebuitx'
1298 2812 1354 2855 et

301 2880 369 2917 v1.
397 2875 446 2921 8.
476 2888 562 2924 ex.
596 2879 645 2925 3.
687 2876 880 2927 ‘Servo
903 2892 996 2927 suo
1018 2881 1251 2931 cervices
1275 2881 1349 2930 in·

299 2943 534 2998 cideudas
574 2950 835 3014 prebuit?
901 2954 1153 3005 Quinctil.
1195 2958 1350 3006 Decl.

299 3033 373 3072 ιι.
405 3032 462 3093 5,,
488 3029 808 3081 ‘Grassstus
843 3031 1024 3097 aliquis
1066 3042 1148 3083 est
1188 3032 1349 3093 ferro,

296 3101 524 3160 praebeat
554 3112 612 3155 et
645 3107 761 3172 ipse
782 3108 1066 3159 cervicesz’
1100 3109 1193 3160 inf.
1215 3113 1347 3162 Nos-

298 3180 373 3225 ter
393 3193 438 3230 c.
466 3184 548 3231 82.
568 3185 598 3247 §
626 3186 677 3232 7.
743 3185 862 3234 Hoc
893 3187 910 3215 ‘
928 3187 1054 3235 dare
1076 3191 1315 3239 cervices
1330 3189 1346 3213 '

295 3249 419 3302 dixit
439 3257 714 3326 aliquoties
738 3261 921 3310 Cicero
944 3270 999 3313 et
1022 3263 1256 3315 Velleius
1280 3281 1344 3316 ιι.

295 3331 368 3379 69.
389 3332 417 3393 §
436 3336 485 3382 2.
552 3335 748 3386 Confer
770 3336 1055 3390 Abrsmum
1081 3344 1145 3391 ad
1171 3342 1346 3393 Cicer.

294 3416 382 3465 pro
397 3409 511 3461 Mil.
535 3418 678 3465 c.ll.
705 3415 977 3466 Juvenalis
999 3418 1112 3467 Sat.
1134 3432 1188 3467 v.
1208 3419 1344 3469 fines

290 3479 306 3505 ‘
327 3482 585 3539 Praebebis
643 3491 951 3557 quandoque
1011 3502 1191 3558 caput,
1247 3510 1343 3547 nec

294 3556 410 3610 dura
440 3564 650 3615 timebis
686 3568 877 3631 Flagra
912 3568 1040 3634 pati,
1063 3570 1140 3619 bis
1175 3574 1341 3636 epulis

293 3643 342 3683 et
364 3640 452 3689 tali
473 3642 659 3706 dignus
675 3644 878 3696 amico)
909 3647 1086 3696 Arntz.

352 3713 477 3769 Osi».
527 3733 688 3772 inx.
761 3723 790 3785 §
830 3726 856 3771 1
910 3724 1091 3787 Cinna]
1136 3724 1266 3775 Abit
1307 3742 1338 3776 a

294 3791 486 3855 vulgata
512 3798 661 3848 Leia.
682 3804 731 3849 2.
769 3807 824 3848 et
860 3793 1037 3849 Hauu.
1092 3802 1337 3853 Cornelius

292 3870 482 3921 omnim
508 3874 925 3938 flagitiosissimus
964 3877 1334 3943 exprimentes,

294 3946 346 3988 ut
364 3948 494 4006 apud
515 3951 723 3998 Sallust.
745 3950 868 4013 Jug.
892 3965 939 4001 c.
958 3955 1038 4001 14.
1062 3954 1089 4014 §
1107 3956 1158 4002 2.
1192 3954 1208 3980 ‘
1224 3953 1332 4003 Ho-

292 4027 369 4066 mo
383 4027 617 4082 omnium.
639 4042 768 4091 quos
786 4036 929 4094 terra
951 4031 1196 4091 sustinet,
1219 4046 1331 4081 sce-

294 4090 609 4153 leratissimus
631 4104 663 4151 =’
685 4113 737 4154 et
758 4103 951 4156 Justin.
973 4120 1107 4156 xur-
1128 4112 1173 4158 4.
1199 4110 1227 4171 ς
1253 4113 1331 4158 16.

293 4167 393 4220 ‘Ut
421 4179 835 4229 sceleratissimus
864 4184 1109 4246 omnium,
1128 4190 1184 4234 et
1217 4186 1330 4249 ipse

292 4233 555 4307 Plu-abates
598 4256 804 4308 nomine
840 4272 934 4307 rex
971 4261 1330 4312 statueretur!

2389 344 2519 411 661

1459 500 1566 553 Sed
1594 503 1753 553 Cinna
1772 501 1941 553 omittl
1964 516 2068 553 non
2089 500 2268 568 debet,
2298 516 2412 553 cum
2435 518 2518 557 so·

1457 579 1566 629 leat
1592 580 1787 629 Noster
1808 579 2015 628 nomina
2036 579 2240 641 integra
2262 579 2518 643 exprime·

1459 671 1516 707 re
1561 657 1613 705 iu
1653 656 1801 705 initio
1842 656 2090 719 capitum,
2128 671 2289 720 quare
2335 671 2515 719 posses

1454 733 1696 794 supplere
1730 732 1976 781 Cornelius
2001 733 2158 781 Cinna
2190 731 2395 781 omnium
2413 732 2516 796 flu·

1448 810 1806 872 gitiosissimus.
1877 808 1946 858 At
1971 816 2184 872 recepta
2205 809 2360 859 lectio
2389 811 2515 859 satis

1454 888 1682 950 amplum
1721 900 1815 948 per
1850 901 1907 935 se
1937 886 2057 935 buic
2091 885 2280 935 homiui
2303 886 2516 935 exbibet

1455 963 1821 1012 testimonium.
1852 963 2028 1012 Amtz.

1520 1038 1894 1103 Rempublicum]
1950 1039 2077 1090 Mss.
2128 1053 2231 1089 rem
2278 1038 2513 1102 publicam

1451 1114 1649 1165 ditabus
1687 1114 2015 1172 dictionibus,
2049 1120 2106 1164 et
2142 1129 2261 1163 mox
2301 1129 2398 1179 pro
2427 1116 2543 1176 ss·‚

1448 1209 1580 1256 rens,
1621 1194 1752 1243 dedit
1798 1194 1999 1256 legunt.
2067 1191 2280 1254 Collega
2332 1201 2510 1244 autem

1448 1270 1626 1320 Ciuuae
1653 1270 1749 1318 Cu.
1771 1268 2040 1319 Octavius.
2073 1267 2261 1317 Schott.

1520 1344 1762 1407 Vastuvit]
1795 1345 1925 1394 Cum
1963 1343 2109 1393 novis
2145 1341 2355 1392 civibus.
2385 1356 2509 1394 cou-

1445 1424 1695 1485 seutiens‚
1763 1422 2027 1472 veteribus
2090 1420 2508 1486 conspirantibus

1446 1517 1562 1551 cum
1587 1501 1832 1551 Octavio.
1865 1500 2030 1549 Mach-

1510 1581 1592 1643 §2
1623 1578 1705 1629 Ad
1734 1578 1934 1642 pileum]
1967 1575 2251 1627 Libertatis
2284 1575 2504 1638 signum.

1442 1658 1733 1707 Martialis=
1768 1663 1783 1685 ‘
1799 1655 2038 1719 Dumque
2060 1654 2247 1703 decent
2270 1661 2505 1702 nostrum

1441 1735 1581 1798 pilea
1604 1731 2061 1797 sumptaJoveml¹
2098 1733 2309 1781 Flamen
2334 1729 2505 1778 Dialis

1440 1812 1709 1861 institutus
1754 1810 1943 1859 Lucius
1988 1808 2220 1862 Merula.
2274 1800 2503 1855 Machan'.

1440 1887 1505 1937 Id
1541 1898 1638 1950 est,
1668 1887 1768 1936 ‘sd
1803 1883 2137 1936 libertatem.’
2203 1885 2333 1934 Erat
2363 1885 2502 1932 enim

1435 1963 1695 2014 libertatis
1730 1964 1925 2026 insigne
1963 1963 2165 2026 pileus;
2199 1975 2351 2024 quem
2394 1974 2502 2009 ma·

1437 2040 1651 2089 numissi
1690 2039 1951 2103 ,capitibus
2008 2037 2138 2087 rasis
2195 2033 2498 2099 induebant,

1437 2121 1574 2164 teste
1606 2115 1780 2165 Nouio
1807 2113 2077 2163 Marcello.
2130 2110 2351 2160 Plautus
2377 2110 2503 2160 Am·

1436 2191 1715 2255 pbitruoue
1755 2195 1989 2239 extrema
2024 2201 2182 2237 scena
2221 2200 2259 2236 ι.
2311 2185 2500 2237 ‘Quod

1434 2266 1524 2316 ille
1547 2265 1705 2317 faciat
1729 2265 1982 2329 Juppiter
2003 2263 2080 2314 Ut
2114 2278 2213 2327 ego
2236 2263 2317 2311 bic
2340 2262 2497 2310 hodie

1433 2358 1553 2393 raso
1590 2344 1764 2406 capite
1800 2342 1979 2391 calvus
2019 2340 2219 2401 capiam
2252 2336 2498 2403 pileuml’

1438 2420 1619 2469 Utitur
1653 2419 1932 2469 Suetonius
1966 2417 2017 2465 iu
2046 2414 2255 2465 Tiberio
2286 2428 2335 2464 c.
2363 2418 2412 2464 4.
2443 2414 2496 2462 iu

1435 2497 1649 2548 Nerone
1688 2509 1736 2544 c.
1771 2499 1853 2545 57.
1893 2501 1950 2543 et
1983 2494 2109 2543 Sex.
2148 2492 2277 2541 Aur.
2308 2490 2497 2540 Victor

1429 2573 1674 2623 similiter
1705 2574 1757 2621 in
1783 2572 1890 2621 vita
1914 2568 2161 2620 Neronis.
2210 2568 2329 2616 Val.
2349 2567 2495 2616 Max.

1432 2663 1487 2699 v.
1523 2653 1604 2699 21.
1641 2649 1708 2698 de
1746 2649 1812 2700 Q.
1855 2647 2104 2698 Terentio
2149 2645 2394 2695 Culeone.
2438 2651 2498 2694 et

1435 2740 1561 2776 vm.
1601 2730 1653 2776 6.
1696 2724 1763 2775 de
1808 2724 1870 2774 C.
1911 2723 2105 2773 Mario.
2182 2722 2356 2773 Livius
2400 2721 2491 2771 lib.

1428 2815 1634 2853 xxxw.
1653 2802 1924 2852 Annalium
1942 2817 1956 2850 :
1981 2808 1996 2831 ‘
2010 2799 2354 2849 Praebneruut
2371 2813 2493 2862 spe·

1424 2880 1557 2929 ciem
1585 2879 1826 2943 triumphi
1849 2877 2108 2940 capitibus
2131 2877 2256 2925 rasis
2275 2876 2360 2939 qui
2386 2890 2492 2924 ser-

1425 2956 1596 3004 vitute
1639 2955 1872 3018 exempti
1911 2949 2158 3001 fuerant!
2221 2949 2490 2999 videndus

1423 3031 1739 3080 Plutarchus
1793 3030 1846 3077 iu
1892 3027 2016 3077 Tito
2071 3024 2377 3080 Flaminino,
2402 3069 2406 3074 .
2430 3033 2486 3074 et

1426 3107 1695 3172 Appianas
1717 3107 1768 3155 in
1798 3102 2160 3155 Mithridatico
2192 3099 2261 3149 de
2297 3101 2485 3150 Prusia

1422 3185 1658 3249 loquens,
1680 3191 1737 3233 et
1767 3179 1999 3234 Jacobus
2032 3177 2317 3228 Raevardus
2345 3177 2482 3228 libro

1422 3261 1488 3310 de
1510 3261 1827 3311 auctoritate
1850 3256 2181 3322 prudentum.
2221 3254 2321 3305 Est
2340 3253 2480 3318 apud

1419 3350 1503 3385 me
1526 3351 1762 3385 nummus
1793 3348 1979 3394 oereus,
2004 3332 2057 3382 in
2081 3347 2185 3396 quo
2216 3332 2339 3396 pilei
2375 3329 2482 3380 for-

1419 3428 1505 3462 ma
1549 3419 1788 3476 apparet,
1821 3425 1940 3460 cum
1979 3409 2076 3457 bac
2121 3407 2482 3472 inscriptione,

1416 3504 1691 3541 nunnus
1733 3501 1941 3538 avum.
2017 3484 2154 3537 Quin
2198 3492 2255 3535 et
2296 3484 2478 3535 Casto·

1417 3583 1528 3617 rem
1552 3575 1606 3617 et
1629 3567 1900 3617 Pollucem
1923 3563 2145 3614 Helenus
2177 3560 2367 3612 fratres
2400 3561 2479 3623 pi-

1412 3644 1583 3695 leatos
1617 3646 1738 3693 olim
1775 3641 2064 3706 fingebant,
2085 3639 2226 3703 quasi
2251 3638 2476 3706 Groeciae

1412 3721 1739 3771 liberatores.
1807 3719 1998 3768 Sextus
2031 3723 2207 3765 tamen
2228 3713 2476 3777 Pompei÷

1411 3813 1472 3848 us
1496 3799 1558 3848 iis
1583 3805 1824 3863 tauquam
1849 3793 2160 3854 Laconibu8‚
2182 3790 2369 3854 quibus
2394 3790 2472 3852 pi-

1409 3876 1560 3925 leatis
1595 3887 1824 3937 pugnare
1849 3884 1959 3919 mos
1990 3876 2126 3930 erat,
2145 3865 2364 3916 attribui
2392 3866 2470 3929 pi·

1407 3952 1547 4000 lcum
1572 3955 1742 4013 putat.
1772 3947 1959 3996 Schott.

1476 4024 1729 4074 Octavium
1779 4018 2048 4080 interfecit]
2084 4015 2309 4068 Veniens
2361 4015 2466 4065 Ro·

1404 4117 1543 4152 snam
1590 4102 1754 4151 victor
1805 4111 1922 4147 cum
1976 4093 2165 4155 Mario,
2210 4090 2470 4156 Carbone,

1405 4179 1663 4235 Sertorio,
1707 4172 1981 4240 praemissis
2033 4170 2149 4234 ejus
2205 4169 2465 4232 equitibus

1403 4255 1629 4307 maxime
1664 4252 1968 4313 Censorino,
1994 4247 2152 4314 jussit
2181 4246 2460 4302 Octavium
