<?xml version="1.0" encoding="UTF-8"?>
<!DOCTYPE html PUBLIC "-//W3C//DTD XHTML 1.0 Transitional//EN"
    "http://www.w3.org/TR/xhtml1/DTD/xhtml1-transitional.dtd">
<html xmlns="http://www.w3.org/1999/xhtml" xml:lang="en" lang="en">
 <head>
  <title>
</title>
<meta http-equiv="Content-Type" content="text/html;charset=utf-8" />
  <meta name='ocr-system' content='tesseract 3.04.00' />
  <meta name='ocr-capabilities' content='ocr_page ocr_carea ocr_par ocr_line ocrx_word'/>
</head>
<body>
  <div class='ocr_page' id='page_1' title='image "./sextiaureliivic00valpgoog_0432.png"; bbox 0 0 3025 4934; ppageno 0'>
   <div class='ocr_carea' id='block_1_1' title="bbox 509 382 2041 452">
    <p class='ocr_par' dir='ltr' id='par_1_1' title="bbox 509 382 2041 452">
     <span class='ocr_line' id='line_1_1' title="bbox 509 382 2041 452; baseline -0.005 0"><span class='ocrx_word' id='word_1_1' title='bbox 509 382 645 452; x_wconf 74' lang='lat'>872</span> <span class='ocrx_word' id='word_1_2' title='bbox 1151 392 1546 446; x_wconf 72' lang='lat' dir='ltr'>aneni-rsus</span> <span class='ocrx_word' id='word_1_3' title='bbox 1599 390 2041 445; x_wconf 69' lang='lat' dir='ltr'>nutricum«</span> 
     </span>
    </p>
   </div>
   <div class='ocr_carea' id='block_1_2' title="bbox 506 534 2727 2460">
    <p class='ocr_par' dir='ltr' id='par_1_2' title="bbox 511 534 2718 730">
     <span class='ocr_line' id='line_1_2' title="bbox 598 534 2718 624; baseline -0.002 -15"><span class='ocrx_word' id='word_1_4' title='bbox 598 543 809 609; x_wconf 87' lang='lat' dir='ltr'>Liber</span> <span class='ocrx_word' id='word_1_5' title='bbox 842 540 1215 610; x_wconf 84' lang='lat' dir='ltr'>Illustrium</span> <span class='ocrx_word' id='word_1_6' title='bbox 1245 539 1589 621; x_wconf 84' lang='lat' dir='ltr'>Virorum,</span> <span class='ocrx_word' id='word_1_7' title='bbox 1613 538 1831 624; x_wconf 84' lang='lat' dir='ltr'>Lugd.</span> <span class='ocrx_word' id='word_1_8' title='bbox 1864 537 2024 606; x_wconf 80' lang='lat' dir='ltr'>Bat.</span> <span class='ocrx_word' id='word_1_9' title='bbox 2053 534 2255 607; x_wconf 82' lang='grc'><strong>1532.</strong></span> <span class='ocrx_word' id='word_1_10' title='bbox 2283 535 2443 604; x_wconf 79' lang='lat' dir='ltr'>Svo.</span> <span class='ocrx_word' id='word_1_11' title='bbox 2505 534 2718 605; x_wconf 72' lang='lat' dir='ltr'>Iusti-</span> 
     </span>
     <span class='ocr_line' id='line_1_3' title="bbox 511 644 2638 730; baseline -0.002 -19"><span class='ocrx_word' id='word_1_12' title='bbox 511 647 585 713; x_wconf 86' lang='lat' dir='ltr'>ni</span> <span class='ocrx_word' id='word_1_13' title='bbox 615 644 946 711; x_wconf 83' lang='lat' dir='ltr'>Historiae</span> <span class='ocrx_word' id='word_1_14' title='bbox 977 644 1384 730; x_wconf 79' lang='lat' dir='ltr'>adjungitur.</span> <span class='ocrx_word' id='word_1_15' title='bbox 2635 649 2638 652; x_wconf 82' lang='grc'><strong>’</strong></span> 
     </span>
    </p>

    <p class='ocr_par' dir='ltr' id='par_1_3' title="bbox 506 742 2724 1021">
     <span class='ocr_line' id='line_1_4' title="bbox 597 742 2724 824; baseline -0.003 -9"><span class='ocrx_word' id='word_1_16' title='bbox 597 747 803 815; x_wconf 89' lang='lat' dir='ltr'>Liber</span> <span class='ocrx_word' id='word_1_17' title='bbox 859 746 1226 813; x_wconf 88' lang='lat' dir='ltr'>Illustrium</span> <span class='ocrx_word' id='word_1_18' title='bbox 1280 743 1621 824; x_wconf 83' lang='lat' dir='ltr'>Virorum,</span> <span class='ocrx_word' id='word_1_19' title='bbox 1674 742 1920 814; x_wconf 86' lang='lat' dir='ltr'>Venet.</span> <span class='ocrx_word' id='word_1_20' title='bbox 1969 743 2167 811; x_wconf 87' lang='grc'><strong>1548.</strong></span> <span class='ocrx_word' id='word_1_21' title='bbox 2216 743 2370 811; x_wconf 79' lang='lat' dir='ltr'>Svo.</span> <span class='ocrx_word' id='word_1_22' title='bbox 2475 742 2724 810; x_wconf 87' lang='lat' dir='ltr'>Italica</span> 
     </span>
     <span class='ocr_line' id='line_1_5' title="bbox 506 845 2721 942; baseline -0.003 -25"><span class='ocrx_word' id='word_1_23' title='bbox 506 849 732 918; x_wconf 84' lang='lat' dir='ltr'>versio</span> <span class='ocrx_word' id='word_1_24' title='bbox 759 870 779 933; x_wconf 80' lang='lat'>3</span> <span class='ocrx_word' id='word_1_25' title='bbox 823 855 897 942; x_wconf 88' lang='lat' dir='ltr'>at</span> <span class='ocrx_word' id='word_1_26' title='bbox 927 848 1083 915; x_wconf 85' lang='lat' dir='ltr'>vide</span> <span class='ocrx_word' id='word_1_27' title='bbox 1116 848 1387 915; x_wconf 87' lang='lat' dir='ltr'>Paitoni</span> <span class='ocrx_word' id='word_1_28' title='bbox 1415 847 1743 915; x_wconf 87' lang='lat' dir='ltr'>Bibliotb.</span> <span class='ocrx_word' id='word_1_29' title='bbox 1774 847 1954 932; x_wconf 85' lang='lat' dir='ltr'>degli</span> <span class='ocrx_word' id='word_1_30' title='bbox 1983 846 2227 913; x_wconf 87' lang='lat' dir='ltr'>Autori</span> <span class='ocrx_word' id='word_1_31' title='bbox 2253 845 2721 931; x_wconf 74' lang='lat' dir='ltr'>vulgarimti,</span> 
     </span>
     <span class='ocr_line' id='line_1_6' title="bbox 513 960 816 1021; baseline -0.02 0"><span class='ocrx_word' id='word_1_32' title='bbox 513 960 674 1021; x_wconf 89' lang='lat' dir='ltr'>tom.</span> <span class='ocrx_word' id='word_1_33' title='bbox 711 969 816 1017; x_wconf 79' lang='grc' dir='ltr'><strong>ιν.</strong></span> 
     </span>
    </p>

    <p class='ocr_par' dir='ltr' id='par_1_4' title="bbox 596 1051 2024 1133">
     <span class='ocr_line' id='line_1_7' title="bbox 596 1051 2024 1133; baseline -0.002 -12"><span class='ocrx_word' id='word_1_34' title='bbox 596 1055 706 1121; x_wconf 89' lang='lat' dir='ltr'>De</span> <span class='ocrx_word' id='word_1_35' title='bbox 735 1054 927 1121; x_wconf 86' lang='lat' dir='ltr'>Viris</span> <span class='ocrx_word' id='word_1_36' title='bbox 955 1052 1364 1133; x_wconf 86' lang='lat' dir='ltr'>Illustribus,</span> <span class='ocrx_word' id='word_1_37' title='bbox 1395 1051 1610 1120; x_wconf 85' lang='lat' dir='ltr'>Basil.</span> <span class='ocrx_word' id='word_1_38' title='bbox 1640 1051 1837 1119; x_wconf 85' lang='grc'><strong>1552.</strong></span> <span class='ocrx_word' id='word_1_39' title='bbox 1866 1052 2024 1119; x_wconf 79' lang='lat' dir='ltr'>Svo.</span> 
     </span>
    </p>

    <p class='ocr_par' dir='ltr' id='par_1_5' title="bbox 509 1152 2727 1654">
     <span class='ocr_line' id='line_1_8' title="bbox 595 1152 2726 1241; baseline -0.003 -16"><span class='ocrx_word' id='word_1_40' title='bbox 595 1157 861 1225; x_wconf 78' lang='lat' dir='ltr'>Aurelii</span> <span class='ocrx_word' id='word_1_41' title='bbox 915 1155 1220 1223; x_wconf 86' lang='lat' dir='ltr'>Victoris</span> <span class='ocrx_word' id='word_1_42' title='bbox 1269 1154 1584 1241; x_wconf 87' lang='lat' dir='ltr'>Epitome</span> <span class='ocrx_word' id='word_1_43' title='bbox 1635 1154 1723 1221; x_wconf 85' lang='lat' dir='ltr'>de</span> <span class='ocrx_word' id='word_1_44' title='bbox 1781 1154 2112 1222; x_wconf 85' lang='lat' dir='ltr'>Romanis</span> <span class='ocrx_word' id='word_1_45' title='bbox 2172 1152 2726 1239; x_wconf 84' lang='lat' dir='ltr'>Imperatoribus,</span> 
     </span>
     <span class='ocr_line' id='line_1_9' title="bbox 509 1253 2727 1343; baseline -0.002 -16"><span class='ocrx_word' id='word_1_46' title='bbox 509 1279 664 1327; x_wconf 88' lang='lat' dir='ltr'>cum</span> <span class='ocrx_word' id='word_1_47' title='bbox 695 1253 870 1328; x_wconf 61' lang='lat' dir='ltr'>Elias</span> <span class='ocrx_word' id='word_1_48' title='bbox 891 1259 1129 1327; x_wconf 91' lang='lat' dir='ltr'>Vineti</span> <span class='ocrx_word' id='word_1_49' title='bbox 1159 1260 1744 1343; x_wconf 76' lang='lat' dir='ltr'>castigationibus.</span> <span class='ocrx_word' id='word_1_50' title='bbox 1799 1258 2044 1325; x_wconf 80' lang='lat' dir='ltr'>Patav.</span> <span class='ocrx_word' id='word_1_51' title='bbox 2065 1257 2274 1325; x_wconf 83' lang='grc'><strong>1563.</strong></span> <span class='ocrx_word' id='word_1_52' title='bbox 2299 1259 2447 1324; x_wconf 83' lang='lat' dir='ltr'>4to.</span> <span class='ocrx_word' id='word_1_53' title='bbox 2502 1257 2727 1324; x_wconf 86' lang='lat' dir='ltr'>Catal.</span> 
     </span>
     <span class='ocr_line' id='line_1_10' title="bbox 510 1359 2727 1445; baseline -0.002 -14"><span class='ocrx_word' id='word_1_54' title='bbox 510 1363 995 1431; x_wconf 80' lang='lat' dir='ltr'>Universorum</span> <span class='ocrx_word' id='word_1_55' title='bbox 1024 1363 1403 1435; x_wconf 87' lang='lat' dir='ltr'>Librorum,</span> <span class='ocrx_word' id='word_1_56' title='bbox 1433 1360 1656 1428; x_wconf 82' lang='lat' dir='ltr'>Lond.</span> <span class='ocrx_word' id='word_1_57' title='bbox 1693 1361 1883 1427; x_wconf 87' lang='grc'><strong>1701.</strong></span> <span class='ocrx_word' id='word_1_58' title='bbox 1916 1361 2053 1428; x_wconf 85' lang='lat' dir='ltr'>vol.</span> <span class='ocrx_word' id='word_1_59' title='bbox 2090 1377 2139 1426; x_wconf 90' lang='lat'>1.</span> <span class='ocrx_word' id='word_1_60' title='bbox 2171 1360 2374 1445; x_wconf 74' lang='grc' dir='ltr'><strong>ρ.42.</strong></span> <span class='ocrx_word' id='word_1_61' title='bbox 2445 1359 2553 1425; x_wconf 88' lang='lat' dir='ltr'>De</span> <span class='ocrx_word' id='word_1_62' title='bbox 2584 1360 2727 1426; x_wconf 86' lang='lat' dir='ltr'>edi-</span> 
     </span>
     <span class='ocr_line' id='line_1_11' title="bbox 509 1461 2723 1549; baseline -0.001 -18"><span class='ocrx_word' id='word_1_63' title='bbox 509 1466 691 1532; x_wconf 80' lang='lat' dir='ltr'>tione</span> <span class='ocrx_word' id='word_1_64' title='bbox 743 1486 898 1533; x_wconf 88' lang='lat' dir='ltr'>cum</span> <span class='ocrx_word' id='word_1_65' title='bbox 946 1464 1510 1549; x_wconf 84' lang='lat' dir='ltr'>castigationibus</span> <span class='ocrx_word' id='word_1_66' title='bbox 1547 1463 1783 1531; x_wconf 89' lang='lat' dir='ltr'>Vineti</span> <span class='ocrx_word' id='word_1_67' title='bbox 1835 1483 1924 1529; x_wconf 86' lang='lat' dir='ltr'>ex</span> <span class='ocrx_word' id='word_1_68' title='bbox 1967 1463 2380 1530; x_wconf 82' lang='lat' dir='ltr'>bibliotheca</span> <span class='ocrx_word' id='word_1_69' title='bbox 2421 1461 2723 1530; x_wconf 82' lang='lat' dir='ltr'>Andreae</span> 
     </span>
     <span class='ocr_line' id='line_1_12' title="bbox 509 1566 2084 1654; baseline -0.006 -18"><span class='ocrx_word' id='word_1_70' title='bbox 509 1568 772 1636; x_wconf 87' lang='lat' dir='ltr'>Schotti</span> <span class='ocrx_word' id='word_1_71' title='bbox 803 1568 942 1636; x_wconf 83' lang='lat' dir='ltr'>vid.</span> <span class='ocrx_word' id='word_1_72' title='bbox 970 1568 1248 1654; x_wconf 85' lang='lat' dir='ltr'>Bipout.</span> <span class='ocrx_word' id='word_1_73' title='bbox 1273 1566 1561 1633; x_wconf 76' lang='lat' dir='ltr'>Recens,</span> <span class='ocrx_word' id='word_1_74' title='bbox 1594 1568 1720 1633; x_wconf 89' lang='lat' dir='ltr'>sub</span> <span class='ocrx_word' id='word_1_75' title='bbox 1752 1587 1860 1633; x_wconf 90' lang='lat' dir='ltr'>an.</span> <span class='ocrx_word' id='word_1_76' title='bbox 1888 1567 2084 1633; x_wconf 87' lang='grc'><strong>1579.</strong></span> 
     </span>
    </p>

    <p class='ocr_par' dir='ltr' id='par_1_6' title="bbox 511 1668 2723 2046">
     <span class='ocr_line' id='line_1_13' title="bbox 600 1668 2722 1753; baseline -0.001 -16"><span class='ocrx_word' id='word_1_77' title='bbox 600 1673 707 1737; x_wconf 88' lang='lat' dir='ltr'>De</span> <span class='ocrx_word' id='word_1_78' title='bbox 761 1671 1094 1739; x_wconf 75' lang='lat' dir='ltr'>Romanae</span> <span class='ocrx_word' id='word_1_79' title='bbox 1146 1669 1382 1736; x_wconf 87' lang='lat' dir='ltr'>Gentis</span> <span class='ocrx_word' id='word_1_80' title='bbox 1428 1668 1730 1753; x_wconf 85' lang='lat' dir='ltr'>Origine,</span> <span class='ocrx_word' id='word_1_81' title='bbox 1781 1669 1865 1737; x_wconf 85' lang='lat' dir='ltr'>dc</span> <span class='ocrx_word' id='word_1_82' title='bbox 1922 1668 2111 1736; x_wconf 89' lang='lat' dir='ltr'>Viris</span> <span class='ocrx_word' id='word_1_83' title='bbox 2165 1670 2578 1747; x_wconf 88' lang='lat' dir='ltr'>Illustribus,</span> <span class='ocrx_word' id='word_1_84' title='bbox 2635 1670 2722 1735; x_wconf 90' lang='lat' dir='ltr'>de</span> 
     </span>
     <span class='ocr_line' id='line_1_14' title="bbox 511 1772 2723 1860; baseline -0 -19"><span class='ocrx_word' id='word_1_85' title='bbox 511 1775 1059 1860; x_wconf 88' lang='lat' dir='ltr'>Imperatoribus</span> <span class='ocrx_word' id='word_1_86' title='bbox 1127 1794 1284 1839; x_wconf 90' lang='lat' dir='ltr'>cum</span> <span class='ocrx_word' id='word_1_87' title='bbox 1341 1773 1651 1859; x_wconf 86' lang='lat' dir='ltr'>ejusdem</span> <span class='ocrx_word' id='word_1_88' title='bbox 1714 1774 2049 1858; x_wconf 85' lang='lat' dir='ltr'>Epitome,</span> <span class='ocrx_word' id='word_1_89' title='bbox 2101 1774 2185 1839; x_wconf 88' lang='lat' dir='ltr'>dc</span> <span class='ocrx_word' id='word_1_90' title='bbox 2252 1772 2723 1840; x_wconf 86' lang='lat' dir='ltr'>Romanorum</span> 
     </span>
     <span class='ocr_line' id='line_1_15' title="bbox 511 1874 2720 1960; baseline -0.001 -15"><span class='ocrx_word' id='word_1_91' title='bbox 511 1877 680 1945; x_wconf 92' lang='lat' dir='ltr'>Vita</span> <span class='ocrx_word' id='word_1_92' title='bbox 709 1882 775 1942; x_wconf 87' lang='lat' dir='ltr'>et</span> <span class='ocrx_word' id='word_1_93' title='bbox 805 1876 1139 1954; x_wconf 87' lang='lat' dir='ltr'>Moribus,</span> <span class='ocrx_word' id='word_1_94' title='bbox 1186 1875 1509 1960; x_wconf 85' lang='lat' dir='ltr'>Antverp.</span> <span class='ocrx_word' id='word_1_95' title='bbox 1543 1874 1740 1941; x_wconf 87' lang='grc'><strong>1607.</strong></span> <span class='ocrx_word' id='word_1_96' title='bbox 1779 1876 1937 1942; x_wconf 77' lang='lat' dir='ltr'>Svo.</span> <span class='ocrx_word' id='word_1_97' title='bbox 1978 1881 2044 1940; x_wconf 87' lang='lat' dir='ltr'>et</span> <span class='ocrx_word' id='word_1_98' title='bbox 2074 1875 2298 1942; x_wconf 89' lang='lat' dir='ltr'>Paris.</span> <span class='ocrx_word' id='word_1_99' title='bbox 2342 1877 2535 1943; x_wconf 86' lang='grc'><strong>1626.</strong></span> <span class='ocrx_word' id='word_1_100' title='bbox 2561 1875 2720 1943; x_wconf 81' lang='lat' dir='ltr'>Svo.</span> 
     </span>
     <span class='ocr_line' id='line_1_16' title="bbox 515 1978 943 2046; baseline -0.009 1"><span class='ocrx_word' id='word_1_101' title='bbox 515 1980 700 2046; x_wconf 90' lang='lat' dir='ltr'>Bibl.</span> <span class='ocrx_word' id='word_1_102' title='bbox 743 1978 943 2044; x_wconf 88' lang='lat' dir='ltr'>Bodl.</span> 
     </span>
    </p>

    <p class='ocr_par' dir='ltr' id='par_1_7' title="bbox 517 2079 2723 2267">
     <span class='ocr_line' id='line_1_17' title="bbox 599 2079 2723 2161; baseline -0 -12"><span class='ocrx_word' id='word_1_103' title='bbox 599 2083 710 2149; x_wconf 90' lang='lat' dir='ltr'>De</span> <span class='ocrx_word' id='word_1_104' title='bbox 737 2081 933 2148; x_wconf 89' lang='lat' dir='ltr'>Viris</span> <span class='ocrx_word' id='word_1_105' title='bbox 965 2080 1370 2161; x_wconf 84' lang='lat' dir='ltr'>Illustribus,</span> <span class='ocrx_word' id='word_1_106' title='bbox 1397 2083 1521 2146; x_wconf 72' lang='lat' dir='ltr'>Sto.</span> <span class='ocrx_word' id='word_1_107' title='bbox 1553 2098 1704 2146; x_wconf 88' lang='lat' dir='ltr'>cum</span> <span class='ocrx_word' id='word_1_108' title='bbox 1736 2079 1914 2147; x_wconf 87' lang='lat' dir='ltr'>notis</span> <span class='ocrx_word' id='word_1_109' title='bbox 1953 2080 2000 2146; x_wconf 82' lang='lat' dir='ltr'>J</span> <span class='ocrx_word' id='word_1_110' title='bbox 2007 2081 2116 2146; x_wconf 90' lang='lat' dir='ltr'>ani</span> <span class='ocrx_word' id='word_1_111' title='bbox 2156 2080 2427 2149; x_wconf 87' lang='lat' dir='ltr'>Gruteri</span> <span class='ocrx_word' id='word_1_112' title='bbox 2457 2083 2527 2147; x_wconf 84' lang='lat' dir='ltr'>in</span> <span class='ocrx_word' id='word_1_113' title='bbox 2559 2092 2723 2150; x_wconf 83' lang='lat' dir='ltr'>tom.</span> 
     </span>
     <span class='ocr_line' id='line_1_18' title="bbox 517 2181 2137 2267; baseline -0.001 -16"><span class='ocrx_word' id='word_1_114' title='bbox 517 2203 604 2251; x_wconf 87' lang='lat'>11.</span> <span class='ocrx_word' id='word_1_115' title='bbox 651 2184 839 2250; x_wconf 89' lang='lat' dir='ltr'>Hist.</span> <span class='ocrx_word' id='word_1_116' title='bbox 871 2182 1072 2249; x_wconf 86' lang='lat' dir='ltr'>Rom.</span> <span class='ocrx_word' id='word_1_117' title='bbox 1108 2183 1390 2267; x_wconf 84' lang='lat' dir='ltr'>Scriptt.</span> <span class='ocrx_word' id='word_1_118' title='bbox 1478 2181 1755 2247; x_wconf 86' lang='lat' dir='ltr'>Hanov.</span> <span class='ocrx_word' id='word_1_119' title='bbox 1785 2183 1987 2261; x_wconf 88' lang='grc'><strong>1610.</strong></span> <span class='ocrx_word' id='word_1_120' title='bbox 2019 2185 2137 2251; x_wconf 82' lang='lat' dir='ltr'>fol.</span> 
     </span>
    </p>

    <p class='ocr_par' dir='ltr' id='par_1_8' title="bbox 600 2283 2112 2368">
     <span class='ocr_line' id='line_1_19' title="bbox 600 2283 2112 2368; baseline -0.001 -15"><span class='ocrx_word' id='word_1_121' title='bbox 600 2288 712 2353; x_wconf 88' lang='lat' dir='ltr'>De</span> <span class='ocrx_word' id='word_1_122' title='bbox 730 2285 924 2352; x_wconf 85' lang='lat' dir='ltr'>Viris</span> <span class='ocrx_word' id='word_1_123' title='bbox 955 2285 1360 2360; x_wconf 75' lang='lat' dir='ltr'>IllustribuS,</span> <span class='ocrx_word' id='word_1_124' title='bbox 1393 2283 1700 2368; x_wconf 90' lang='lat' dir='ltr'>Anglice,</span> <span class='ocrx_word' id='word_1_125' title='bbox 1734 2286 1927 2352; x_wconf 84' lang='lat'>1693.</span> <span class='ocrx_word' id='word_1_126' title='bbox 1957 2286 2112 2354; x_wconf 79' lang='lat' dir='ltr'>Svo.</span> 
     </span>
    </p>

    <p class='ocr_par' dir='ltr' id='par_1_9' title="bbox 602 2385 2720 2460">
     <span class='ocr_line' id='line_1_20' title="bbox 602 2385 2720 2460; baseline 0.001 -4"><span class='ocrx_word' id='word_1_127' title='bbox 602 2388 803 2456; x_wconf 82' lang='lat' dir='ltr'>Sexti</span> <span class='ocrx_word' id='word_1_128' title='bbox 828 2387 1089 2452; x_wconf 83' lang='lat' dir='ltr'>Aurelii</span> <span class='ocrx_word' id='word_1_129' title='bbox 1117 2385 1426 2454; x_wconf 84' lang='lat' dir='ltr'>Victoris</span> <span class='ocrx_word' id='word_1_130' title='bbox 1449 2388 1538 2454; x_wconf 87' lang='lat' dir='ltr'>de</span> <span class='ocrx_word' id='word_1_131' title='bbox 1568 2387 1759 2454; x_wconf 88' lang='lat' dir='ltr'>Viris</span> <span class='ocrx_word' id='word_1_132' title='bbox 1794 2389 2175 2456; x_wconf 87' lang='lat' dir='ltr'>Illustribus</span> <span class='ocrx_word' id='word_1_133' title='bbox 2207 2389 2456 2458; x_wconf 75' lang='lat' dir='ltr'>Rornae</span> <span class='ocrx_word' id='word_1_134' title='bbox 2494 2392 2720 2460; x_wconf 86' lang='lat' dir='ltr'>Liber.</span> 
     </span>
    </p>
   </div>
   <div class='ocr_carea' id='block_1_3' title="bbox 374 2490 1232 2559">
    <p class='ocr_par' dir='ltr' id='par_1_10' title="bbox 374 2490 1232 2559">
     <span class='ocr_line' id='line_1_21' title="bbox 374 2490 1232 2559; baseline -0.006 1"><span class='ocrx_word' id='word_1_135' title='bbox 374 2497 385 2508; x_wconf 87' lang='lat'>&#39;</span> <span class='ocrx_word' id='word_1_136' title='bbox 516 2491 734 2559; x_wconf 87' lang='lat' dir='ltr'>Lond.</span> <span class='ocrx_word' id='word_1_137' title='bbox 766 2490 962 2556; x_wconf 88' lang='grc'><strong>1705.</strong></span> <span class='ocrx_word' id='word_1_138' title='bbox 1006 2490 1232 2555; x_wconf 76' lang='grc' dir='ltr'><strong>12ωο.</strong></span> 
     </span>
    </p>
   </div>
   <div class='ocr_carea' id='block_1_4' title="bbox 502 2591 2780 4227">
    <p class='ocr_par' dir='ltr' id='par_1_11' title="bbox 502 2591 2780 2968">
     <span class='ocr_line' id='line_1_22' title="bbox 510 2591 2632 2678; baseline 0.003 -19"><span class='ocrx_word' id='word_1_139' title='bbox 510 2641 525 2654; x_wconf 86' lang='grc'>..</span> <span class='ocrx_word' id='word_1_140' title='bbox 605 2593 888 2660; x_wconf 83' lang='lat' dir='ltr'>Gallica</span> <span class='ocrx_word' id='word_1_141' title='bbox 918 2593 1145 2659; x_wconf 85' lang='lat' dir='ltr'>versio</span> <span class='ocrx_word' id='word_1_142' title='bbox 1177 2600 1283 2658; x_wconf 86' lang='lat' dir='ltr'>est</span> <span class='ocrx_word' id='word_1_143' title='bbox 1313 2611 1441 2678; x_wconf 89' lang='lat' dir='ltr'>par</span> <span class='ocrx_word' id='word_1_144' title='bbox 1474 2592 1575 2657; x_wconf 89' lang='lat' dir='ltr'>M.</span> <span class='ocrx_word' id='word_1_145' title='bbox 1607 2591 1843 2659; x_wconf 86' lang='lat' dir='ltr'>Savin.</span> <span class='ocrx_word' id='word_1_146' title='bbox 1923 2594 2151 2660; x_wconf 86' lang='lat' dir='ltr'>Paris.</span> <span class='ocrx_word' id='word_1_147' title='bbox 2183 2596 2375 2663; x_wconf 84' lang='grc'><strong>1780.</strong></span> <span class='ocrx_word' id='word_1_148' title='bbox 2404 2597 2632 2666; x_wconf 65' lang='grc'><strong>12610.</strong></span> 
     </span>
     <span class='ocr_line' id='line_1_23' title="bbox 509 2696 2780 2781; baseline -0.002 -18"><span class='ocrx_word' id='word_1_149' title='bbox 509 2740 515 2746; x_wconf 87' lang='grc'>-</span> <span class='ocrx_word' id='word_1_150' title='bbox 600 2697 1011 2763; x_wconf 81' lang='lat' dir='ltr'>Germanica</span> <span class='ocrx_word' id='word_1_151' title='bbox 1086 2696 1339 2779; x_wconf 83' lang='lat' dir='ltr'>prodiit</span> <span class='ocrx_word' id='word_1_152' title='bbox 1393 2698 1642 2776; x_wconf 82' lang='lat' dir='ltr'>versio,</span> <span class='ocrx_word' id='word_1_153' title='bbox 1702 2697 1929 2763; x_wconf 75' lang='lat' dir='ltr'>Curiae</span> <span class='ocrx_word' id='word_1_154' title='bbox 1987 2696 2251 2781; x_wconf 81' lang='lat' dir='ltr'>Regrit.</span> <span class='ocrx_word' id='word_1_155' title='bbox 2314 2701 2509 2767; x_wconf 85' lang='grc'><strong>1784.</strong></span> <span class='ocrx_word' id='word_1_156' title='bbox 2567 2703 2723 2772; x_wconf 78' lang='lat' dir='ltr'>Svo.</span> <span class='ocrx_word' id='word_1_157' title='bbox 2771 2746 2780 2758; x_wconf 86' lang='lat'>.</span> 
     </span>
     <span class='ocr_line' id='line_1_24' title="bbox 502 2798 2726 2880; baseline 0.004 -14"><span class='ocrx_word' id='word_1_158' title='bbox 502 2798 739 2866; x_wconf 53' lang='lat' dir='ltr'>“Valde</span> <span class='ocrx_word' id='word_1_159' title='bbox 787 2798 1143 2864; x_wconf 86' lang='lat' dir='ltr'>mediocris</span> <span class='ocrx_word' id='word_1_160' title='bbox 1190 2804 1295 2864; x_wconf 86' lang='lat' dir='ltr'>est</span> <span class='ocrx_word' id='word_1_161' title='bbox 1334 2799 1580 2880; x_wconf 84' lang='lat' dir='ltr'>versic,</span> <span class='ocrx_word' id='word_1_162' title='bbox 1628 2799 1723 2865; x_wconf 88' lang='lat' dir='ltr'>ait</span> <span class='ocrx_word' id='word_1_163' title='bbox 1758 2799 2139 2867; x_wconf 88' lang='lat' dir='ltr'>Harlesius.</span> <span class='ocrx_word' id='word_1_164' title='bbox 2246 2801 2487 2869; x_wconf 88' lang='lat' dir='ltr'>Rutter</span> <span class='ocrx_word' id='word_1_165' title='bbox 2518 2805 2726 2874; x_wconf 84' lang='lat' dir='ltr'>fertur</span> 
     </span>
     <span class='ocr_line' id='line_1_25' title="bbox 502 2908 954 2968; baseline -0.004 -1"><span class='ocrx_word' id='word_1_166' title='bbox 502 2921 667 2968; x_wconf 80' lang='lat' dir='ltr'>esse</span> <span class='ocrx_word' id='word_1_167' title='bbox 694 2908 954 2968; x_wconf 81' lang='lat' dir='ltr'>auctor.</span> 
     </span>
    </p>

    <p class='ocr_par' dir='ltr' id='par_1_12' title="bbox 508 3002 2725 3500">
     <span class='ocr_line' id='line_1_26' title="bbox 604 3002 2723 3088; baseline 0.004 -19"><span class='ocrx_word' id='word_1_168' title='bbox 604 3004 938 3070; x_wconf 72' lang='lat' dir='ltr'>Historiae</span> <span class='ocrx_word' id='word_1_169' title='bbox 986 3002 1320 3071; x_wconf 83' lang='lat' dir='ltr'>Romanae</span> <span class='ocrx_word' id='word_1_170' title='bbox 1366 3002 1746 3088; x_wconf 85' lang='lat' dir='ltr'>Scriptores</span> <span class='ocrx_word' id='word_1_171' title='bbox 1795 3002 2143 3073; x_wconf 86' lang='lat' dir='ltr'>Minores:</span> <span class='ocrx_word' id='word_1_172' title='bbox 2204 3008 2408 3075; x_wconf 86' lang='lat' dir='ltr'>Sexti</span> <span class='ocrx_word' id='word_1_173' title='bbox 2451 3011 2723 3078; x_wconf 87' lang='lat' dir='ltr'>Aurelii</span> 
     </span>
     <span class='ocr_line' id='line_1_27' title="bbox 512 3106 2725 3192; baseline 0.005 -21"><span class='ocrx_word' id='word_1_174' title='bbox 512 3106 836 3185; x_wconf 76' lang='lat' dir='ltr'>VictoriS,</span> <span class='ocrx_word' id='word_1_175' title='bbox 866 3111 986 3174; x_wconf 74' lang='grc' dir='ltr'><strong>διο.</strong></span> <span class='ocrx_word' id='word_1_176' title='bbox 1018 3107 1106 3173; x_wconf 89' lang='lat' dir='ltr'>ad</span> <span class='ocrx_word' id='word_1_177' title='bbox 1139 3107 1439 3192; x_wconf 86' lang='lat' dir='ltr'>optimas</span> <span class='ocrx_word' id='word_1_178' title='bbox 1466 3106 1619 3175; x_wconf 87' lang='lat' dir='ltr'>edd.</span> <span class='ocrx_word' id='word_1_179' title='bbox 1651 3109 1903 3176; x_wconf 81' lang='lat' dir='ltr'>collati.</span> <span class='ocrx_word' id='word_1_180' title='bbox 1980 3109 2418 3178; x_wconf 84' lang='lat' dir='ltr'>Praemittitur</span> <span class='ocrx_word' id='word_1_181' title='bbox 2447 3113 2725 3182; x_wconf 82' lang='lat' dir='ltr'>Notitia</span> 
     </span>
     <span class='ocr_line' id='line_1_28' title="bbox 512 3209 2722 3298; baseline 0.005 -24"><span class='ocrx_word' id='word_1_182' title='bbox 512 3209 870 3290; x_wconf 72' lang='lat' dir='ltr'>Literaria,</span> <span class='ocrx_word' id='word_1_183' title='bbox 902 3215 978 3275; x_wconf 88' lang='lat' dir='ltr'>ut</span> <span class='ocrx_word' id='word_1_184' title='bbox 1008 3211 1073 3274; x_wconf 88' lang='lat' dir='ltr'>in</span> <span class='ocrx_word' id='word_1_185' title='bbox 1105 3210 1652 3294; x_wconf 78' lang='lat' dir='ltr'>praecedentibus</span> <span class='ocrx_word' id='word_1_186' title='bbox 1682 3212 2116 3294; x_wconf 87' lang='lat' dir='ltr'>editionibus,</span> <span class='ocrx_word' id='word_1_187' title='bbox 2148 3217 2313 3281; x_wconf 88' lang='lat' dir='ltr'>bene</span> <span class='ocrx_word' id='word_1_188' title='bbox 2354 3218 2722 3298; x_wconf 88' lang='lat' dir='ltr'>elaborata,</span> 
     </span>
     <span class='ocr_line' id='line_1_29' title="bbox 508 3311 2724 3403; baseline 0.005 -26"><span class='ocrx_word' id='word_1_189' title='bbox 508 3319 584 3377; x_wconf 87' lang='lat' dir='ltr'>et</span> <span class='ocrx_word' id='word_1_190' title='bbox 612 3311 830 3377; x_wconf 86' lang='lat' dir='ltr'>Index</span> <span class='ocrx_word' id='word_1_191' title='bbox 855 3313 1191 3396; x_wconf 88' lang='lat' dir='ltr'>copiosus.</span> <span class='ocrx_word' id='word_1_192' title='bbox 1282 3313 1545 3379; x_wconf 87' lang='lat' dir='ltr'>Studiis</span> <span class='ocrx_word' id='word_1_193' title='bbox 1588 3315 1953 3382; x_wconf 85' lang='lat' dir='ltr'>Societatis</span> <span class='ocrx_word' id='word_1_194' title='bbox 1985 3318 2395 3403; x_wconf 84' lang='lat' dir='ltr'>Bipontinae.</span> <span class='ocrx_word' id='word_1_195' title='bbox 2487 3319 2724 3389; x_wconf 85' lang='lat' dir='ltr'>Editio</span> 
     </span>
     <span class='ocr_line' id='line_1_30' title="bbox 510 3416 1895 3500; baseline 0.005 -20"><span class='ocrx_word' id='word_1_196' title='bbox 510 3420 850 3480; x_wconf 88' lang='lat' dir='ltr'>accurata.</span> <span class='ocrx_word' id='word_1_197' title='bbox 940 3416 1210 3500; x_wconf 89' lang='lat' dir='ltr'>Bipout.</span> <span class='ocrx_word' id='word_1_198' title='bbox 1239 3416 1438 3482; x_wconf 83' lang='grc'><strong>1789.</strong></span> <span class='ocrx_word' id='word_1_199' title='bbox 1471 3416 1521 3480; x_wconf 92' lang='grc'><strong>2</strong></span> <span class='ocrx_word' id='word_1_200' title='bbox 1548 3419 1711 3484; x_wconf 84' lang='lat' dir='ltr'>voll.</span> <span class='ocrx_word' id='word_1_201' title='bbox 1742 3418 1895 3486; x_wconf 83' lang='lat' dir='ltr'>Svo.</span> 
     </span>
    </p>

    <p class='ocr_par' dir='ltr' id='par_1_13' title="bbox 507 3518 2726 3790">
     <span class='ocr_line' id='line_1_31' title="bbox 510 3518 2726 3602; baseline 0.004 -20"><span class='ocrx_word' id='word_1_202' title='bbox 510 3563 515 3569; x_wconf 82' lang='lat'>-</span> <span class='ocrx_word' id='word_1_203' title='bbox 601 3518 809 3584; x_wconf 88' lang='lat' dir='ltr'>Liber</span> <span class='ocrx_word' id='word_1_204' title='bbox 859 3519 943 3585; x_wconf 86' lang='lat' dir='ltr'>de</span> <span class='ocrx_word' id='word_1_205' title='bbox 995 3518 1381 3586; x_wconf 88' lang='lat' dir='ltr'>Illustribus</span> <span class='ocrx_word' id='word_1_206' title='bbox 1427 3519 1641 3602; x_wconf 88' lang='lat' dir='ltr'>Viris,</span> <span class='ocrx_word' id='word_1_207' title='bbox 1689 3543 1825 3590; x_wconf 87' lang='lat' dir='ltr'>una</span> <span class='ocrx_word' id='word_1_208' title='bbox 1876 3544 2034 3590; x_wconf 89' lang='lat' dir='ltr'>cum</span> <span class='ocrx_word' id='word_1_209' title='bbox 2086 3525 2341 3592; x_wconf 85' lang='lat' dir='ltr'>Justini</span> <span class='ocrx_word' id='word_1_210' title='bbox 2381 3527 2726 3594; x_wconf 87' lang='lat' dir='ltr'>Historia.</span> 
     </span>
     <span class='ocr_line' id='line_1_32' title="bbox 514 3621 2722 3698; baseline 0.006 -13"><span class='ocrx_word' id='word_1_211' title='bbox 514 3621 923 3688; x_wconf 84' lang='lat' dir='ltr'>Excudebat</span> <span class='ocrx_word' id='word_1_212' title='bbox 982 3622 1050 3688; x_wconf 90' lang='lat' dir='ltr'>in</span> <span class='ocrx_word' id='word_1_213' title='bbox 1107 3641 1305 3688; x_wconf 87' lang='lat' dir='ltr'>usum</span> <span class='ocrx_word' id='word_1_214' title='bbox 1362 3623 1632 3691; x_wconf 80' lang='lat' dir='ltr'>Scholae</span> <span class='ocrx_word' id='word_1_215' title='bbox 1691 3626 2050 3694; x_wconf 80' lang='lat' dir='ltr'>Etonensis</span> <span class='ocrx_word' id='word_1_216' title='bbox 2109 3629 2181 3695; x_wconf 83' lang='lat' dir='ltr'>J.</span> <span class='ocrx_word' id='word_1_217' title='bbox 2228 3630 2432 3696; x_wconf 87' lang='lat' dir='ltr'>Pote.</span> <span class='ocrx_word' id='word_1_218' title='bbox 2501 3629 2722 3698; x_wconf 83' lang='lat' dir='ltr'>Lond.</span> 
     </span>
     <span class='ocr_line' id='line_1_33' title="bbox 507 3723 899 3790; baseline 0.003 -2"><span class='ocrx_word' id='word_1_219' title='bbox 507 3723 710 3790; x_wconf 83' lang='lat'>1790.</span> <span class='ocrx_word' id='word_1_220' title='bbox 740 3723 899 3789; x_wconf 76' lang='lat' dir='ltr'>8vo.</span> 
     </span>
    </p>

    <p class='ocr_par' dir='ltr' id='par_1_14' title="bbox 599 3827 2603 3920">
     <span class='ocr_line' id='line_1_34' title="bbox 599 3827 2603 3920; baseline 0.007 -29"><span class='ocrx_word' id='word_1_221' title='bbox 599 3827 712 3892; x_wconf 90' lang='lat' dir='ltr'>De</span> <span class='ocrx_word' id='word_1_222' title='bbox 744 3827 1129 3893; x_wconf 85' lang='lat' dir='ltr'>Illustribus</span> <span class='ocrx_word' id='word_1_223' title='bbox 1154 3828 1366 3910; x_wconf 80' lang='lat' dir='ltr'>Viris,</span> <span class='ocrx_word' id='word_1_224' title='bbox 1390 3830 1766 3901; x_wconf 82' lang='lat' dir='ltr'>Wachleri.</span> <span class='ocrx_word' id='word_1_225' title='bbox 1855 3833 2185 3920; x_wconf 79' lang='lat' dir='ltr'>Lamgov.</span> <span class='ocrx_word' id='word_1_226' title='bbox 2216 3833 2417 3903; x_wconf 83' lang='lat'>1792.</span> <span class='ocrx_word' id='word_1_227' title='bbox 2446 3833 2603 3906; x_wconf 84' lang='lat' dir='ltr'>8v0.</span> 
     </span>
    </p>

    <p class='ocr_par' dir='ltr' id='par_1_15' title="bbox 505 3927 2724 4227">
     <span class='ocr_line' id='line_1_35' title="bbox 602 3927 2724 4013; baseline 0.007 -20"><span class='ocrx_word' id='word_1_228' title='bbox 602 3928 857 3996; x_wconf 83' lang='lat' dir='ltr'>Sextus</span> <span class='ocrx_word' id='word_1_229' title='bbox 914 3927 1239 4003; x_wconf 84' lang='lat' dir='ltr'>Aurelius</span> <span class='ocrx_word' id='word_1_230' title='bbox 1289 3932 1557 4013; x_wconf 84' lang='lat' dir='ltr'>Victor,</span> <span class='ocrx_word' id='word_1_231' title='bbox 1608 3956 1699 4003; x_wconf 89' lang='lat' dir='ltr'>ex</span> <span class='ocrx_word' id='word_1_232' title='bbox 1754 3939 2149 4006; x_wconf 84' lang='lat' dir='ltr'>recensione</span> <span class='ocrx_word' id='word_1_233' title='bbox 2203 3940 2250 4006; x_wconf 82' lang='lat' dir='ltr'>J</span> <span class='ocrx_word' id='word_1_234' title='bbox 2256 3941 2496 4008; x_wconf 89' lang='lat' dir='ltr'>oannis</span> <span class='ocrx_word' id='word_1_235' title='bbox 2547 3941 2724 4009; x_wconf 88' lang='lat' dir='ltr'>Arn-</span> 
     </span>
     <span class='ocr_line' id='line_1_36' title="bbox 505 4026 2717 4129; baseline 0.007 -34"><span class='ocrx_word' id='word_1_236' title='bbox 505 4033 730 4097; x_wconf 82' lang='lat' dir='ltr'>tzenii.</span> <span class='ocrx_word' id='word_1_237' title='bbox 822 4031 1148 4101; x_wconf 80' lang='lat' dir='ltr'>Roterod.</span> <span class='ocrx_word' id='word_1_238' title='bbox 1181 4034 1377 4101; x_wconf 85' lang='grc'><strong>1804.</strong></span> <span class='ocrx_word' id='word_1_239' title='bbox 1411 4037 1631 4105; x_wconf 79' lang='grc' dir='ltr'><strong>12ωο.</strong></span> <span class='ocrx_word' id='word_1_240' title='bbox 1724 4040 2049 4128; x_wconf 85' lang='lat' dir='ltr'>Ejusdem</span> <span class='ocrx_word' id='word_1_241' title='bbox 2076 4026 2317 4129; x_wconf 83' lang='lat' dir='ltr'>nempe</span> <span class='ocrx_word' id='word_1_242' title='bbox 2346 4043 2717 4125; x_wconf 83' lang='lat' dir='ltr'>Arntzenii,</span> 
     </span>
     <span class='ocr_line' id='line_1_37' title="bbox 508 4133 2567 4227; baseline 0.008 -30"><span class='ocrx_word' id='word_1_243' title='bbox 508 4133 713 4219; x_wconf 83' lang='lat' dir='ltr'>cujus</span> <span class='ocrx_word' id='word_1_244' title='bbox 740 4137 1088 4205; x_wconf 79' lang='lat' dir='ltr'>elaborata</span> <span class='ocrx_word' id='word_1_245' title='bbox 1122 4138 1333 4207; x_wconf 82' lang='lat' dir='ltr'>editio</span> <span class='ocrx_word' id='word_1_246' title='bbox 1361 4142 1548 4220; x_wconf 88' lang='lat' dir='ltr'>(anni</span> <span class='ocrx_word' id='word_1_247' title='bbox 1577 4144 1808 4227; x_wconf 81' lang='lat'>1733.)</span> <span class='ocrx_word' id='word_1_248' title='bbox 1837 4146 2010 4214; x_wconf 83' lang='lat' dir='ltr'>adeo</span> <span class='ocrx_word' id='word_1_249' title='bbox 2045 4148 2567 4215; x_wconf 87' lang='lat' dir='ltr'>commendatur.</span> 
     </span>
    </p>
   </div>
   <div class='ocr_carea' id='block_1_5' title="bbox 2968 236 2973 799">
    <p class='ocr_par' dir='ltr' id='par_1_16' title="bbox 2968 236 2973 799">
     <span class='ocr_line' id='line_1_38' title="bbox 2968 236 2973 799; baseline 0 0"><span class='ocrx_word' id='word_1_250' title='bbox 2968 236 2973 799; x_wconf 95' lang='lat' dir='ltr'> </span> 
     </span>
    </p>
   </div>
   <div class='ocr_carea' id='block_1_6' title="bbox 2968 236 2973 799">
    <p class='ocr_par' dir='ltr' id='par_1_17' title="bbox 2968 236 2973 799">
     <span class='ocr_line' id='line_1_39' title="bbox 2968 236 2973 799; baseline 0 0"><span class='ocrx_word' id='word_1_251' title='bbox 2968 236 2973 799; x_wconf 95' lang='lat' dir='ltr'> </span> 
     </span>
    </p>
   </div>
   <div class='ocr_carea' id='block_1_7' title="bbox 2968 236 2975 1276">
    <p class='ocr_par' dir='ltr' id='par_1_18' title="bbox 2968 236 2975 1276">
     <span class='ocr_line' id='line_1_40' title="bbox 2968 236 2975 1276; baseline 0 0"><span class='ocrx_word' id='word_1_252' title='bbox 2968 236 2975 1276; x_wconf 95' lang='lat' dir='ltr'> </span> 
     </span>
    </p>
   </div>
   <div class='ocr_carea' id='block_1_8' title="bbox 2974 1544 2979 2237">
    <p class='ocr_par' dir='ltr' id='par_1_19' title="bbox 2974 1544 2979 2237">
     <span class='ocr_line' id='line_1_41' title="bbox 2974 1544 2979 2237; baseline 0 0"><span class='ocrx_word' id='word_1_253' title='bbox 2974 1544 2979 2237; x_wconf 95' lang='lat' dir='ltr'> </span> 
     </span>
    </p>
   </div>
  </div>
 </body>
</html>
