3025 4934
534 368 666 437 766

536 538 656 579 tur:
713 528 801 578 ubi
860 528 991 578 Mss.

537 607 815 669 praeclare,
861 606 905 654 si
949 612 1093 655 recte
1135 606 1493 669 interpungas,
1540 613 1598 655 et

533 699 650 733 cnm
682 683 922 733 abstinens
942 683 1244 747 conjungas.
1314 683 1432 733 Hoc
1456 684 1595 733 enim

535 760 686 809 vulta
751 759 1036 809 mirandum
1104 760 1268 823 magis
1333 759 1595 810 bominem

535 834 763 885 sobrium
820 835 1023 885 libidini
1080 836 1344 886 addictum
1408 835 1594 885 fuisse.

533 910 657 959 Non
686 910 881 960 infitior
915 912 1191 976 eleganter
1220 912 1326 961 dici
1352 912 1597 972 Horatio,

532 992 548 1013 ‘
574 986 734 1034 Multi
758 988 1016 1036 Damalim
1054 987 1217 1038 meri.'
1292 988 1399 1038 od.
1433 1002 1472 1037 1.
1511 991 1596 1038 86.

531 1071 587 1112 et
623 1063 885 1128 Ciceroni,
922 1071 938 1094 ‘
966 1065 1245 1129 Hospitem
1285 1066 1437 1115 multi
1490 1065 1594 1115 cibi

533 1147 590 1188 et
624 1140 775 1202 joci.’
856 1139 956 1189 Sed
992 1142 1188 1191 Noster
1226 1143 1329 1190 alio
1364 1141 1596 1205 respicit.

533 1215 723 1265 Schott.
774 1215 935 1280 [Vide
961 1217 1303 1282 Lectt.Var.]
1347 1218 1452 1267 Sed
1476 1219 1594 1266 mul·

530 1296 633 1340 tum
655 1302 869 1342 tuentur
891 1294 1022 1344 Mss.
1055 1294 1236 1344 Arutz.

598 1369 626 1431 ξ
649 1370 713 1417 25
733 1367 898 1417 Somni
917 1369 1162 1420 abstinens
1182 1370 1415 1420 serviebat
1434 1370 1596 1420 libidi-

1042 529 1244 579 multam
1287 543 1386 579 non
1439 528 1599 591 malti}

531 1443 608 1508 ni]
643 1443 928 1509 Tranquill.
963 1461 1010 1495 c.
1032 1450 1113 1496 78.
1135 1447 1256 1498 vide
1282 1455 1338 1496 et
1364 1462 1412 1496 c.
1435 1451 1520 1496 68.
1541 1454 1597 1496 et

529 1521 778 1586 deinceps
820 1526 996 1588 capita
1030 1527 1231 1591 aliquot
1266 1526 1333 1574 de
1364 1526 1593 1576 libidinis

530 1597 741 1648 infamia
762 1617 778 1648 z
812 1598 873 1649 τὸ
913 1601 1126 1661 vulgaris
1156 1602 1208 1650 in
1238 1602 1435 1651 Veron.
1463 1600 1595 1650 edit.

531 1673 695 1725 afuit:
734 1685 896 1726 recte.
928 1676 1115 1727 Schott.
1179 1677 1235 1726 Si
1259 1692 1359 1727 vox
1381 1679 1596 1740 vulgaris

528 1752 846 1815 conspicitur
863 1755 914 1802 in
934 1753 1063 1801 Mss.
1075 1754 1477 1817 exemplaribus,
1490 1769 1594 1804 non

529 1834 610 1875 est
646 1824 886 1889 profecto
924 1829 1340 1886 exterminanda,
1373 1830 1491 1894 qttia
1530 1845 1595 1879 ea

530 1903 834 1952 destituitur
872 1904 1037 1953 editio
1068 1905 1413 1955 Veronensis:
1451 1904 1591 1954 aliud

529 1979 667 2028 enim
711 1987 792 2028 est
834 1980 969 2029 male
1020 1979 1221 2036 audire,
1273 1980 1413 2029 aliud
1455 1980 1591 2030 male

528 2054 711 2103 audire
736 2057 888 2118 vulgo
910 2065 964 2105 et
988 2056 1194 2119 passim.
1233 2057 1378 2106 Grai.
1451 2056 1590 2106 Som-

526 2132 601 2179 nii
630 2132 781 2182 Leid.
805 2136 855 2180 2.
887 2146 1045 2180 somno
1068 2131 1217 2182 Leid.
1240 2136 1288 2180 l.
1343 2132 1594 2181 Sei-ciebat

526 2217 700 2256 autem
735 2209 1021 2270 eleganter,
1049 2214 1104 2255 ut
1137 2208 1154 2235 6
1178 2209 1374 2257 servire
1410 2209 1592 2270 volup·

530 2284 745 2333 tatibus'
764 2285 903 2347 apud
930 2284 1590 2335 Lactant.Div.1nst.1u.

531 2364 610 2411 17.
643 2361 818 2410 Aratz.

593 2439 733 2488 Inter
779 2439 1023 2489 duodecim
1075 2390 1350 2511 catamitos]
1407 2438 1592 2488 Malim

526 2528 628 2585 sex,
668 2515 710 2563 si
744 2515 862 2564 libri
899 2504 1329 2580 suffragarentur,
1367 2508 1593 2564 auctori-

531 2574 641 2639 t'ate
659 2592 960 2656 Tranquilli,
974 2593 1064 2656 qui
1086 2607 1136 2642 c.
1154 2595 1234 2642 70.
1258 2606 1456 2641 coenam
1480 2591 1592 2655 ejus

525 2665 812 2717 δωδεκάθεον
848 2669 1038 2718 dictam
1074 2670 1168 2731 ait,
1209 2670 1224 2698 ‘
1250 2668 1303 2717 in
1328 2682 1428 2733 qua
1450 2669 1593 2716 Deo-

524 2758 639 2792 rum
668 2746 1004 2809 Dearumque
1029 2744 1210 2794 habitu
1233 2743 1593 2794 discubuerint

527 2822 794 2870 convivae:
843 2822 953 2885 ipse
998 2835 1094 2885 pro
1128 2820 1399 2884 Apolline·
1427 2817 1594 2869 fuerit

525 2895 776 2945 ornatus)
833 2896 992 2946 Forte
1013 2913 1080 2947 ex
1103 2912 1432 2948 numerorum
1456 2911 1591 2945 com·

525 2972 745 3035 pendiis‚
799 2973 936 3022 unde
995 2973 1200 3023 infinita
1255 2974 1310 3022 in
1365 2971 1592 3036 optimos

526 3061 768 3100 auctores
826 3051 1016 3100 menda
1073 3052 1420 3115 irrepserunt.
1476 3063 1591 3099 cor-

524 3135 755 3190 ruptum.
823 3128 952 3176 Mox
971 3127 1106 3177 Mss.
1140 3127 1366 3176 accubare
1390 3127 1592 3189 legunt.

525 3203 712 3252 Schott.
774 3203 1093 3253 constanter
1130 3211 1306 3254 tamen
1347 3200 1594 3251 duodecim

523 3292 700 3327 omnes
744 3280 1004 3338 retine‘nt3
1050 3287 1106 3328 et
1163 3284 1342 3342 posset
1385 3276 1594 3326 diversa

523 3355 760 3405 convivia
792 3355 1075 3418 respicere,
1107 3355 1244 3419 quod
1279 3363 1455 3403 tamen
1486 3366 1592 3401 non

524 3431 864 3493 crediderim;
899 3431 1074 3493 potius
1094 3432 1296 3494 lapsum
1321 3436 1590 3478 auctorem

522 3520 700 3555 errore
730 3507 952 3567 numeri,
975 3521 1091 3556 cum
1127 3507 1369 3556 convivas
1392 3506 1591 3556 duode-

523 3584 626 3636 cim
647 3584 800 3632 simul
823 3599 1028 3634 sumens
1064 3599 1154 3643 eos
1192 3585 1377 3635 iterum
1405 3586 1457 3633 in
1481 3598 1589 3632 ma·

524 3673 607 3708 res
631 3667 686 3708 et
720 3657 937 3708 feminas
968 3659 1287 3717 distinxerit,
1324 3659 1460 3726 quod
1484 3675 1591 3711 non

519 3735 814 3785 faciendum
837 3735 1033 3801 fuerat,
1053 3753 1172 3787 cum
1199 3739 1311 3802 jam
1342 3744 1463 3786 ante
1495 3735 1590 3786 du·

522 3813 746 3877 plicatus
792 3820 932 3863 esset
968 3828 1234 3864 numerus.
1318 3813 1485 3862 Porro
1523 3827 1589 3862 ex

520 3893 707 3940 nostris
745 3892 901 3941 etiam
946 3891 1032 3941 hic
1068 3894 1085 3921 6
1110 3890 1395 3941 accubare’
1435 3882 1592 3940 redu·

520 3966 741 4015 cendum
765 3975 900 4024 erat,
921 3981 1036 4031 quae
1063 3981 1162 4016 vox
1187 3972 1330 4016 recte
1358 3965 1420 4014 ad
1445 3979 1587 4017 men·

520 4057 604 4092 sas
630 4043 874 4093 refertur.
922 4044 1097 4092 Livius
1118 4056 1284 4092 xxix.
1304 4046 1388 4090 43.
1418 4041 1434 4068 6
1454 4041 1589 4090 Tum

517 4120 657 4167 illam
712 4118 851 4167 infra
910 4133 1026 4168 eum
1102 4119 1444 4168 accubantem
1496 4132 1589 4167 ne-

520 4209 671 4258 gasse
689 4194 738 4242 τ’
772 4204 828 4244 et
855 4208 973 4243 xm.
994 4199 1044 4243 2.
1077 4197 1093 4222 6
1118 4195 1509 4244 Stratoslectos
1533 4194 1588 4243 in

517 4269 799 4334 quaestorio
844 4272 1143 4327 invenisset,
1191 4272 1398 4341 regulus
1433 4284 1587 4320 accu-

1227 385 1446 433 NOTAE
1498 385 1906 435 vammum
1956 388 2034 435 m

1669 529 1796 579 bans
1846 531 2046 595 epulari
2091 529 2287 595 coepit.’
2366 529 2549 580 Cicero
2578 531 2738 581 Orat·

1672 606 1827 657 Catil.
1850 620 1914 656 n.
1936 613 1985 657 6.
2018 607 2035 633 ‘
2056 606 2158 657 Qui
2189 605 2313 655 mibi
2346 606 2658 655 accubantes
2680 606 2734 654 iu

1672 683 1920 732 conviviis
1937 691 2212 732 *eructant
2262 681 2583 732 sermonibus
2624 682 2735 731 auis

1671 758 1909 808 caedeml
1940 758 2117 807 Amtz.

1736 837 1763 899 ξ
1785 839 1854 885 26
1890 835 2044 892 Quasi
2064 834 2238 884 marito
2257 834 2556 898 concedente]
2585 836 2734 884 Bene

1668 913 1831 975 quasi.-
1866 913 2030 962 invito
2066 912 2201 961 enim
2238 913 2426 959 marito
2457 911 2737 961 abductam

1670 989 1869 1039 diserte
1900 990 2137 1038 meminit
2158 988 2369 1037 Tacitus
2394 988 2583 1036 Annal.
2603 1002 2659 1037 v.
2683 992 2737 1037 1.

1670 1068 1719 1114 8.
1760 1066 1965 1115 interim
2013 1066 2170 1114 miser
2204 1065 2312 1121 ille,
2351 1065 2531 1114 maluit
2569 1064 2741 1114 videri

1672 1142 1811 1190 ultro
1832 1144 2012 1203 cedere,
2034 1156 2185 1206 quam
2226 1141 2509 1204 periclitari
2536 1142 2739 1190 salutis.

1670 1217 2018 1267 Consulantur
2064 1219 2326 1266 discursus
2382 1219 2565 1275 nostri,
2606 1230 2739 1282 quoa

1669 1293 1855 1343 Tacito
1892 1295 2273 1344 accommodavi
2311 1294 2501 1344 Annal.
2542 1295 2629 1344 lib.
2653 1298 2738 1344 v'r.

1669 1370 1857 1432 capitis
1881 1371 2033 1434 primi
2055 1370 2179 1419 fine.
2216 1371 2366 1418 Grai.
2625 1382 2632 1393 ·
2683 1382 2695 1395 ⁴

1736 1445 1892 1506 Cadus
1911 1445 2090 1508 Livioe]
2129 1446 2223 1494 Cui
2238 1445 2395 1494 Livia
2415 1443 2740 1493 Veronensis

1670 1522 1788 1571 cod.
1848 1524 2064 1572 Sueten.
2095 1520 2162 1572 de
2187 1522 2263 1570 bis
2287 1534 2443 1584 capp.
2464 1525 2548 1571 62.
2571 1529 2629 1570 et
2651 1525 2741 1570 63.

1670 1597 1859 1649 Schou.

1732 1676 1760 1738 ὁ
1803 1677 1867 1724 27
1912 1674 2146 1724 Luxurioe
2185 1673 2420 1737 sci-ciens]
2470 1675 2740 1725 Familiari

1669 1751 1924 1815 sequioris
1978 1750 2078 1799 aevi
2136 1752 2477 1814 scriptoribus
2522 1744 2741 1800 notione

1668 1827 1853 1884 utitur,
1900 1843 1996 1889 pro
2038 1827 2244 1876 libidini.
2326 1829 2342 1856 ‘
2371 1827 2496 1876 Sine
2540 1826 2739 1877 Cerei-e

1668 1903 1802 1951 enim
1826 1909 1881 1952 et
1903 1904 2095 1953 Libero
2115 1902 2278 1971 friget
2300 1902 2515 1952 Venus?
2562 1903 2741 1966 Supra

1667 2055 1917 2118 Intellige
1951 2055 2121 2118 legem
2154 2054 2347 2105 Juliam
2380 2055 2452 2103 de
2473 2054 2660 2104 Adult.
2684 2061 2742 2104 et

1667 2130 1901 2180 Pudicit.
1955 2130 2170 2179 ‘Nullis
2203 2130 2450 2193 polluitur
2474 2135 2623 2178 casta
2646 2130 2741 2179 do·

1667 2220 1781 2255 mus
1819 2204 2054 2270 stupris,'
2086 2206 2218 2256 Hor.
2246 2205 2336 2254 lib.
2361 2219 2438 2254 tv.
2462 2205 2622 2255 od.'5.
2668 2207 2738 2255 E—

1667 2284 1904 2344 leganter
1926 2283 2096 2333 Tacit.
2116 2282 2253 2331 Anu.
2273 2283 2381 2331 lib.
2404 2297 2492 2332 111.
2536 2283 2603 2333 de
2656 2280 2741 2333 Si-

1668 2357 1772 2406 lani
1826 2357 2043 2408 exsilio:
2099 2358 2114 2385 ‘
2159 2357 2482 2420 Adulter08‚’
2543 2358 2744 2422 inquit:

1667 2433 1822 2483 ‘filiae
1843 2442 1900 2483 et
1918 2434 2089 2497 neptis
2111 2443 2278 2483 morte
2298 2448 2361 2483 ac
2384 2433 2507 2497 fuga
2530 2435 2743 2498 punivit

1668 2509 1968 2573 Augustus:
2012 2525 2133 2559 nam
2173 2510 2379 2572 culpam
2421 2511 2560 2559 inter
2596 2500 2740 2559 viros

1670 2601 1736 2635 ac
1777 2585 1993 2655 feminas
2042 2588 2301 2649 vulgatam
2347 2588 2494 2650 gravi
2531 2576 2741 2637 nomine

1667 2663 1908 2711 laesarum
1948 2663 2253 2725 religionum
2294 2676 2357 2711 ac
2394 2663 2599 2711 violatae
2624 2678 2740 2712 ma-

1656 2738 1871 2801 jestatis
1905 2738 2239 2802 appellando,
2273 2739 2602 2788 clementiam
2626 2754 2742 2793 ma·

1659 2815 1838 2878 Jorum
1874 2829 2095 2879 suasque
2130 2817 2241 2879 ipse
2266 2816 2409 2878 leges
2430 2815 2741 2878 egredieba-

1668 2891 1792 2940 tur.'
1838 2893 1973 2942 Vide
1994 2892 2143 2942 Suet.
2166 2893 2333 2957 Calig.
2363 2909 2410 2943 c.
2437 2898 2521 2944 23.
2587 2894 2741 2943 Adu-

1665 2967 1804 3016 latur
1856 2969 1993 3017 enim
2050 2966 2261 3019 familias
2316 2968 2572 3034 Augustae
2613 2971 2738 3022 Val.

1667 3043 1925 3095 Maximus
1947 3059 2026 3093 vr.
2047 3049 2094 3094 1.
2128 3037 2311 3095 Schott.

1732 3120 1874 3169 More
1895 3120 2153 3176 hominum,
2169 3122 2280 3186 qui]
2312 3122 2597 3185 Eleganter
2622 3123 2739 3173 baee

1669 3196 1871 3247 Plinius
1896 3198 2083 3249 Junior
2104 3198 2273 3262 Epist.
2294 3213 2419 3248 vm.
2435 3202 2522 3248 22.
2548 3200 2742 3250 Sabou.

1666 3271 1800 3321 Inde
1824 3281 1978 3323 acute
1995 3273 2214 3323 Publius
2234 3274 2414 3339 Syrus,
2446 3281 2462 3304 ‘
2482 3276 2738 3341 Plerique

1667 3351 1757 3399 ubi
1797 3351 1910 3400 aliis
1945 3351 2288 3409 maledicunt,
2308 3350 2510 3403 faciunt
2556 3355 2736 3403 convi-

1666 3427 1795 3476 tium
1826 3425 1961 3475 sibi!
2029 3426 2109 3476 Ac
2139 3429 2358 3478 rotunde
2392 3429 2501 3478 Dio
2526 3429 2735 3479 Cassius

1666 3501 1758 3551 lib.
1781 3514 1989 3551 xxxvt.
2042 3505 2226 3564 Πολλῷ
2251 3501 2346 3567 ’γάρ
2376 3522 2471 3552 που
2504 3503 2628 3568 ῥᾷον
2648 3503 2736 3554 ἄλ-

1666 3585 1771 3626 λοις
1792 3577 2037 3639 ἐπιτιμῶσι
2056 3596 2201 3640 τινες,
2223 3579 2256 3638 ἢ
2277 3580 2465 3631 ἑαυτοῖς
2484 3581 2735 3643 παραινοῦ-

1665 3672 1734 3717 σι,
1755 3653 1837 3704 καὶ
1859 3654 2212 3719 προχειρότατά
2232 3671 2295 3717 γε
2316 3655 2391 3718 ἐφ’
2424 3654 2496 3705 οἷς
2516 3655 2735 3719 τιμωρίας

1666 3730 1818 3793 ἀξίους
1841 3731 1954 3783 τοὺς
1981 3731 2135 3781 πέλας
2156 3729 2273 3782 εἶναι
2293 3729 2582 3795 νομίζουσιν,
2599 3731 2733 3782 αὐτοὶ

1663 3810 1891 3859 ποιοῦσιν·
1933 3809 2060 3858 ὥστε
2094 3809 2329 3870 μηδεμίαν
2365 3809 2547 3868 πίστιν,
2584 3810 2635 3871 ἐξ
2668 3806 2732 3858 ὧν

1663 3885 1841 3949 ἑτέροις
1882 3886 2199 3949 ἐγκαλοῦσιν,
2245 3886 2323 3935 ὅτι
2377 3885 2458 3936 καὶ
2511 3883 2730 3947 μισοῦσιν

1664 3963 1786 4013 αὐτὰ
1816 3962 2094 4025 λαμβάνειν·
2127 3964 2294 4027 Longe
2326 3963 2584 4028 proclivius
2614 3963 2730 4012 alios

1662 4043 1857 4106 quidam
1885 4043 2249 4106 reprehendant,
2270 4058 2411 4106 qaam
2444 4043 2623 4106 seipsos
2641 4042 2723 4090 ad·

1661 4124 1920 4176 οιοιιεοιιις
1953 4120 2284 4182 facillimeque
2312 4118 2403 4184 fit,
2439 4124 2494 4167 ut
2534 4118 2725 4181 quai-iun

1661 4208 1821 4243 rerum
1838 4209 2004 4243 caussa
2018 4210 2156 4257 poena
2172 4196 2345 4257 dignos
2359 4195 2479 4245 alios
2490 4194 2726 4255 judicant,

1660 4270 1785 4319 Ιιιιε·
1766 4270 1861 4333 ipsi
1881 4273 2065 4321 easdem
2086 4271 2378 4321 admittant·
2361 4306 2374 4318 .
2398 4275 2454 4321 ιιι
2467 4283 2716 4333 argumen-
