3025 4934
521 363 653 430 588

518 524 614 584 (de
636 538 738 586 quo
760 524 1032 588 superius·
1017 539 1069 574 m
1094 525 1318 577 Romulo
1339 526 1588 595 diximus)

517 599 771 649 ι’πιίιὶίαιιε.
815 596 1068 652 Profecto
1085 602 1233 666 illud,
1254 605 1449 654 nullum
1477 607 1586 655 ani-

520 676 623 724 mal
644 689 802 726 corvo
819 675 1137 736 obliviosius‚
1155 694 1332 731 verum
1345 681 1585 734 babetur.

521 752 688 802 Mucii.

585 829 991 895 Manasserreas]
1029 831 1164 881 Vide
1188 833 1420 883 Frontin.
1441 835 1586 885 stra-

522 911 712 966 tegem.
734 920 798 955 ιι.
820 909 870 955 8.
905 916 961 958 et
984 908 1174 974 Polyb.
1207 910 1298 959 lib.
1321 925 1361 961 ι.
1414 913 1588 962 Variis

521 983 656 1030 enim
675 983 966 1034 nominibus
980 1000 1012 1034 a
1031 986 1294 1037 veteribus
1318 990 1588 1052 appellan-

521 1065 607 1107 tur
650 1057 988 1118 ferramenta,
1032 1075 1148 1126 quo
1199 1063 1254 1111 in
1297 1064 1586 1127 proximam

507 1149 706 1185 navem
743 1136 1007 1185 retinendi
1044 1150 1228 1187 caussa
1261 1138 1587 1201 injiciuntur.

517 1214 537 1240 ‘⁷
568 1212 762 1261 Manus
806 1210 1034 1269 ferreas'
1089 1227 1290 1279 quoque
1350 1218 1588 1279 appellat

521 1286 699 1335 Caesar
731 1286 798 1336 de
830 1287 984 1337 Bello
1012 1288 1167 1339 Civili
1190 1288 1281 1340 lib.
1304 1303 1371 1340 11.
1405 1291 1587 1342 Livius

518 1363 644 1414 libb.
663 1375 830 1413 xxvr.
858 1370 1163 1424 etxxxvu.
1183 1365 1252 1416 ab
1272 1366 1341 1416 U.
1362 1368 1426 1418 C.
1482 1369 1589 1419 Pli-

518 1440 633 1488 nius
669 1453 773 1489 vn.
814 1444 897 1490 66.
939 1447 995 1491 et
1037 1443 1105 1495 Q.
1140 1442 1349 1493 Curtius
1387 1444 1475 1495 lib.
1505 1459 1587 1496 tv.

519 1516 697 1565 Lirius
733 1516 821 1565 lib.
843 1529 984 1566 xxx.
1008 1517 1122 1568 sica
1158 1520 1176 1548 ‘
1199 1520 1470 1570 Postremo
1506 1536 1586 1570 aa·

519 1603 661 1641 seres
703 1591 876 1642 ferreo
909 1608 1044 1643 unco
1070 1594 1275 1658 proefixi
1303 1596 1588 1660 (harpaga-

517 1682 612 1717 ιιι-ε
642 1677 831 1719 vocant
860 1669 1077 1734 milites)
1096 1686 1162 1724 ex
1193 1672 1411 1723 Punicis
1442 1674 1586 1724 navi·

518 1744 613 1795 bus
648 1746 788 1810 injici
821 1747 874 1797 iu
912 1749 1165 1798 Romanas
1194 1749 1388 1815 coeptiss
1452 1750 1588 1800 Vide

517 1823 572 1875 J.
595 1823 874 1874 Brodaeum
899 1826 1126 1876 Miscell.
1149 1827 1239 1879 lib.
1262 1842 1328 1878 11.
1360 1844 1477 1892 cap.
1500 1833 1585 1880 80.

518 1908 574 1949 et
619 1900 910 1965 Gyraldum
943 1917 1006 1954 ac
1049 1904 1294 1969 Baysium
1328 1908 1381 1955 in
1420 1908 1587 1957 Navi·

518 1976 636 2039 giis.
670 1978 855 2029 Schott.
911 1979 1201 2032 confundit
1227 1983 1304 2032 vir
1323 1986 1585 2034 erudmss·

516 2053 808 2113 anassem-eas
840 2063 898 2106 et
928 2058 1246 2122 Mrpugoaes,
1277 2061 1412 2125 quod
1445 2060 1584 2110 fece·

518 2141 601 2180 rat
625 2141 681 2182 et
718 2134 895 2183 Livius
936 2144 990 2184 et
1031 2137 1259 2196 Curtius,
1291 2148 1350 2187 ut
1372 2153 1585 2189 monue-

518 2216 643 2258 runt
676 2219 822 2259 recte
857 2210 1154 2262 Schefferus
1189 2213 1257 2263 de
1294 2215 1409 2264 Mil.
1438 2215 1586 2266 ‘Nam

517 2299 583 2335 ιι.
604 2290 654 2335 7.
690 2292 746 2336 et
783 2287 1042 2337 Stewecb.
1078 2290 1143 2338 ad
1180 2289 1378 2354 Veget.
1413 2291 1479 2341 de
1504 2293 1585 2342 Re

518 2361 637 2411 Mil.
672 2377 727 2412 v.
764 2367 844 2412 14.
913 2365 1076 2414 Hisce
1109 2373 1283 2415 autem
1319 2367 1362 2415 si
1399 2381 1584 2417 navem

519 2443 1021 2505 comprehenderant
1032 2443 1192 2508 sup'er
1204 2445 1439 2495 tabulata
1456 2462 1585 2511 qua-

519 2517 563 2566 si
589 2520 826 2568 terrestri
865 2521 1048 2582 praelio
1081 2521 1442 2573 decertabant.
1500 2525 1584 2574 Li-

519 2595 634 2644 vius
660 2608 819 2645 xxvt.
844 2601 927 2647 39.
964 2597 1165 2649 ‘Quam
1202 2599 1316 2660 quis
1338 2600 1585 2666 indeptus

518 2684 702 2719 navem
726 2681 861 2730 erat,
897 2671 1066 2722 ferrea
1095 2674 1287 2737 injecta
1316 2689 1487 2737 manu,
1509 2678 1587 2726 ita

518 2749 863 2798 conserebant
899 2764 966 2798 ex
1000 2751 1294 2816 propinquo
1328 2753 1589 2816 pugnam?

518 2822 712 2872 Cellar.
742 2823 809 2873 ad
848 2825 1002 2875 Curt.
1026 2839 1105 2876 ιν.
1136 2831 1188 2875 2.
1225 2829 1358 2892 §m-
1406 2830 1588 2880 Casar

518 2898 1311 2967 Bell.Ga11.1.5e.§⁴.Arntz.

583 2974 774 3042 Nuces]
815 2978 1047 3040 Triginta
1086 2982 1311 3031 accessit
1346 2997 1413 3032 ex
1450 2984 1585 3035 Mas.

520 3052 705 3109 tribus,
729 3061 786 3103 ut
812 3056 938 3105 illud
965 3056 1133 3108 XIII.
1147 3060 1353 3120 mereim
1372 3062 1508 3127 quod
1528 3069 1586 3113 et

517 3126 806 3193 Eutropius
826 3132 1118 3194 confirmat,
1138 3143 1193 3185 et
1212 3137 1428 3188 Orosius
1450 3139 1586 3189 libro

519 3213 727 3267 quarto,
775 3207 953 3270 capite
999 3210 1253 3273 septimo·
1302 3213 1400 3262 nisi
1444 3212 1585 3277 quod

517 3295 675 3331 unam
698 3291 754 3333 et
772 3279 989 3344 triginta
1011 3299 1171 3335 naves
1195 3294 1452 3337 numeret.
1518 3288 1585 3338 In

520 3360 825 3422 quibusdam
849 3364 978 3413 Mss.
1000 3363 1158 3415 XIV.
1179 3371 1277 3414 est.
1331 3365 1584 3430 Polybius

517 3434 613 3485 lib.
637 3450 676 3487 1.
705 3438 897 3489 Poenos
926 3439 979 3489 in
1013 3440 1109 3489 hoc
1140 3441 1320 3503 praelio
1350 3455 1399 3491 1..
1428 3456 1587 3492 naves

521 3514 751 3563 amisisse
781 3516 965 3566 tradit.
1001 3516 1190 3566 Scitott.
1256 3518 1388 3570 Qum
1412 3519 1497 3568 hic
1520 3533 1586 3569 ex

517 3590 624 3639 suis
661 3591 857 3655 adjecit
886 3591 1153 3653 Schottus,
1185 3607 1287 3642 nou
1319 3595 1587 3658 reperiun-

521 3673 610 3715 tur
628 3668 712 3715 vel
737 3669 788 3716 in
810 3667 1020 3731 scriptis
1043 3669 1234 3718 nostris
1253 3669 1337 3719 vel
1361 3669 1483 3719 edd.
1517 3671 1588 3720 Et

518 3758 620 3810 ego
641 3744 826 3794 abesse
858 3743 1055 3793 debere
1086 3744 1346 3805 existimo,
1370 3759 1588 3808 praeser-

492 3805 496 3816 ⁴
517 3822 615 3870 tim
641 3835 757 3870 cum
777 3821 861 3870 hic
885 3835 1130 3871 numerus
1149 3837 1267 3872 cnm
1289 3823 1512 3887 Polybio
1530 3831 1589 3875 et

521 3897 638 3947 aliis
659 3912 759 3946 non
781 3899 1078 3949 conveniat.
1144 3901 1322 3953 Quare
1346 3902 1586 3966 autiqua-

520 3974 708 4023 vimus.
771 3976 1118 4038 Expresserat
1154 3977 1262 4034 ille,
1299 3984 1355 4028 et
1376 3992 1493 4028 cnm
1520 3995 1585 4031 co

519 4050 799 4102 ‘variorum
833 4052 1165 4110 collectores,
1196 4054 1357 4104 naveis
1395 4055 1585 4107 XXX.

518 4128 848 4192 apprehendit,
878 4130 1045 4180 XIII.
1077 4133 1263 4197 mersit,
1292 4133 1393 4197 qui.
1447 4133 1586 4185 Vide

521 4218 636 4268 quae
654 4207 979 4258 notanturad
1000 4208 1222 4275 Eun-op.
1246 4222 1311 4261 ιι.
1331 4213 1415 4261 20.
1448 4209 1586 4306 Ara-

522 4281 719 4333 ἐκπίω

1211 382 1433 434 No'rAE
1480 384 1892 436 vunonuu
1943 385 2027 436 IN

1727 530 1827 587 Qun·
1853 531 1978 581 cisti
2008 536 2058 581 et
2086 532 2215 596 cupii
2244 531 2384 597 uae]
2413 533 2582 586 Addit
2620 537 2723 587 Eu·

1661 611 1835 669 trop-2
1819 609 1874 637 ·‘
1895 621 1994 658 vn.
2016 609 2178 659 millia
2197 610 2421 661 hostium
2447 614 2607 677 cepit,
2624 615 2723 663 tria

1660 681 1903 744 occidit?
1935 684 2193 749 quomodo
2226 687 2377 751 illud,
2409 690 2497 752 qni
2523 691 2646 741 vicii
2674 696 2724 741 et

1592 760 1605 779 '
1658 764 1788 824 capii
1818 767 1950 823 suae,
1981 763 2231 827 explicari
2267 765 2335 816 de
2367 767 2601 819 hostibus
2633 769 2725 819 de·

1659 836 1768 887 bet.
1800 839 1991 888 Schote-

1724 915 1751 978 §
1775 918 1809 964 2
1842 914 2065 965 Ηιιιιιὶὶοο
2100 918 2229 982 dax]
2253 918 2397 981 Lego
2421 920 2638 971 Annibal
2657 936 2726 971 ex

1658 989 1946 1042 Mediolan.
1990 992 2081 1042 illo
2130 995 2482 1046 vetustissimo
2514 1006 2570 1047 et
2608 998 2727 1048 val.

1658 1065 1805 1116 Max.
1829 1079 1935 1116 vn.
1957 1071 2008 1116 8.
2040 1081 2123 1118 ex.
2161 1077 2271 1119 ext.
2292 1074 2346 1121 ⁷.
2382 1072 2591 1121 tametsi
2618 1086 2725 1121 rem

1659 1140 1812 1191 aliter
1834 1143 2009 1203 paullo
2032 1152 2227 1193 narret.
2261 1144 2389 1195 Fuit
2409 1154 2583 1195 autem
2606 1147 2728 1197 Gis-

1660 1217 1808 1281 gonis
1839 1216 1994 1280 filius,
2027 1225 2088 1269 ut
2124 1219 2375 1285 Polybius
2409 1230 2467 1271 et
2494 1222 2727 1276 Zonauaa

1659 1294 1945 1356 appellant,
1966 1295 2186 1345 Orosius
2205 1297 2465 1346 seniorem
2490 1296 2727 1350 Anniba-

1660 1370 1763 1419 lem
1783 1377 1949 1419 vocat.
1982 1372 2175 1421 Poenus
2193 1378 2250 1420 et
2264 1372 2395 1433 ipse,
2415 1372 2508 1422 sed
2526 1373 2635 1425 dux
2649 1376 2728 1425 in·

1659 1445 1787 1496 felix
1803 1461 1882 1510 pr.
1893 1446 2093 1497 Punico
2109 1447 2263 1496 bello.
2288 1448 2601 1498 Himilconis
2615 1451 2729 1499 nul·

1660 1521 1709 1571 la
1730 1522 1814 1573 bic
1830 1524 2044 1572 mentio.
2064 1522 2315 1573 Judicent
2337 1524 2501 1575 docti.
2536 1525 2727 1575 Sabate.

1660 1597 1911 1649 Sebattus
1933 1605 1992 1647 et
2008 1599 2247 1663 Sigonius
2268 1602 2384 1649 112.
2410 1604 2489 1649 14.
2505 1615 2728 1665 sequun-

1662 1680 1749 1725 tur
1769 1675 2063 1739 Polybium,
2084 1675 2173 1740 qui
2197 1688 2236 1725 1.
2253 1679 2304 1725 9.
2320 1675 2544 1733 Ἀννίβαν
2562 1678 2725 1728 nemi·

1659 1758 1767 1800 nat.
1806 1749 1945 1815 sylb.

1727 1828 1909 1877 Classis
1934 1828 2303 1895 carthaginem]
2336 1829 2565 1879 Parisin.
2587 1830 2727 1882 elao-

1656 1902 1728 1952 sis
1764 1904 2254 1967 Carthaginiensium.
2311 1907 2433 1957 Non
2467 1908 2594 1955 satis
2615 1907 2727 1971 pla·

1657 1987 1765 2031 cet.
1798 1980 1988 2031 Schott.

1724 2058 1752 2121 ς
1798 2061 1830 2107 8
1869 2059 2065 2109 Poenans
2104 2059 2261 2109 crucis
2300 2059 2507 2127 effingit]
2556 2059 2727 2111 Aliter

1657 2134 1833 2198 paullo
1855 2135 1969 2185 hoec
1992 2144 2171 2187 narrat
2191 2137 2409 2187 Orosius
2424 2137 2560 2187 libro
2572 2153 2725 2202 quar-

1661 2217 1735 2267 to,
1757 2211 1936 2274 capite
1956 2220 2174 2275 octavo;
2212 2213 2297 2273 qui
2336 2212 2474 2277 quod
2502 2212 2726 2264 infelici·

1659 2293 1743 2337 ter
1766 2295 2051 2351 pugnasset
2069 2289 2217 2338 asaia
2231 2286 2489 2352 lapidibus
2508 2303 2724 2353 cooper-

1660 2369 1769 2414 tum
1795 2365 2055 2414 interiisse
2075 2365 2273 2415 scribit.
2327 2365 2576 2429 Polybius
2601 2378 2725 2414 vero

1658 2450 1714 2491 et
1753 2442 1997 2505 Epitome
2028 2442 2242 2492 Liviana
2272 2441 2360 2491 lib.
2393 2454 2537 2491 xvu.
2565 2458 2597 2492 a
2621 2443 2725 2492 suis

1657 2518 1970 2567 militibusin
1990 2532 2200 2567 crucem
2220 2515 2460 2567 suffixum
2473 2516 2728 2573 referunt.

1657 2593 1793 2644 Vide
1808 2594 2046 2644 Marcell.
2062 2593 2155 2643 lib.
2171 2595 2337 2644 xv‘ut.
2354 2593 2419 2641 de
2434 2607 2577 2642 more
2592 2593 2727 2643 Bur·

1658 2673 1975 2738 gundionum
2010 2674 2063 2723 in
2089 2673 2366 2738 puniendis
2387 2673 2617 2737 regibus,
2638 2673 2727 2739 qai

1659 2764 1759 2799 non
1773 2749 1900 2800 satis
1915 2763 2165 2814 prospere
2179 2758 2514 2814 pugnassent.
2536 2750 2726 2799 Senon.

1656 2826 1742 2877 Ad
1777 2828 1916 2877 bunc
1948 2840 2143 2877 morem
2179 2827 2394 2890 respicit
2426 2827 2605 2877 Livius
2636 2827 2728 2877 lib.

1660 2916 1807 2953 xxn.
1831 2917 1948 2967 cap.
1970 2904 2068 2954 ult.
2095 2905 2111 2931 ‘
2126 2901 2244 2959 Cui,
2266 2902 2312 2951 si
2332 2901 2726 2966 Carthaginien·

1658 2981 1792 3030 sium
1808 2978 1998 3030 ductor
2012 2977 2219 3035 fuisset,
2231 2978 2360 3027 nihil
2380 2979 2727 3028 recusandum

1658 3057 1905 3121 supplicii
1923 3054 2098 3123 foret!
2132 3055 2237 3106 Sed
2257 3057 2368 3106 lucc
2384 3055 2572 3119 agendi
2591 3057 2728 3105 ratio

1658 3134 1870 3183 minime
1903 3140 1988 3184 est
2021 3133 2302 3196 laudanda,
2333 3146 2451 3182 cum
2473 3146 2539 3181 ee
2571 3131 2726 3181 modo

1659 3210 1869 3273 optimis
1921 3224 2065 3274 sepe
2132 3209 2352 3260 ducibus
2408 3208 2727 3258 destituatur

1659 3299 1819 3350 resp..
1861 3286 1970 3351 qui,
2002 3285 2045 3334 si
2078 3299 2161 3334 res
2196 3283 2481 3335 infeliciter
2511 3282 2728 3347 cecidit,

1660 3363 1834 3424 petius
1868 3361 1934 3411 ad
1971 3362 2098 3411 alios
2130 3360 2354 3411 transire
2380 3374 2531 3423 quam
2555 3358 2610 3409 in
2635 3373 2724 3423 pa·

1660 3438 1811 3487 triam
1833 3438 2027 3488 reverti
2049 3438 2265 3487 malunt.
2333 3435 2607 3485 Praeterea
2628 3449 2727 3484 sn-

1661 3527 1730 3579 pe
1752 3514 1974 3578 eripitur
1995 3513 2129 3563 bene
2151 3512 2399 3577 gerendoe
2414 3513 2489 3561 rei
2505 3512 2728 3575 occasio,

1659 3604 1778 3641 cum
1797 3591 1873 3641 illi
1896 3604 1954 3641 se
1977 3589 2213 3654 periculo
2227 3601 2491 3652 exponere
2514 3602 2617 3637 non
2636 3603 2726 3638 au·

1659 3668 1842 3733 deant,
1864 3669 2109 3718 timentes
2132 3681 2251 3717 eum
2284 3667 2579 3717 calamitate
2599 3680 2725 3716 con·

1650 3746 1891 3810 junctam
1909 3746 2261 3809 ignominiam.
2291 3743 2630 3793 Laudabilins
2643 3750 2724 3793 est

1659 3822 1944 3871 eorundem
1968 3822 2290 3883 institutum,
2315 3820 2466 3884 cnjus
2489 3818 2724 3869 meminit

1662 3899 1777 3947 Lis.
1797 3910 2055 3948 xxxvm.
2076 3900 2159 3948 48.
2192 3904 2209 3928 ·
2233 3895 2383 3946 Utin
2406 3909 2612 3944 crucem
2630 3894 2725 3944 tol·

1659 3976 1831 4025 lereut
1850 3976 2210 4038 imperatores,
2229 3974 2272 4021 sl
2296 3984 2548 4034 prospero
2569 3983 2724 4020 even·

1660 4060 1717 4102 tu
1743 4066 1905 4115 pravo
1939 4050 2156 4101 consilio
2177 4062 2284 4097 rem
2308 4046 2640 4110 gessissentz'
2669 4050 2725 4095 et

1658 4129 1775 4179 Val.
1798 4128 1946 4177 Max.
1969 4140 2033 4176 ιι.
2054 4130 2106 4176 7.
2130 4139 2217 4174 ex.
2237 4128 2345 4172 ext.
2367 4126 2416 4171 1.
2467 4123 2634 4184 Porro
2654 4121 2722 4171 de

1656 4202 1951 4254 interfectis
1965 4199 2473 4264 Carthaginiensium
2488 4200 2723 4255 ducibus.

1657 4280 1748 4346 qui
1781 4276 2063 4332 infeliciter
2103 4284 2462 4342 pugnaverant
2507 4274 2723 4327 Orosius
