3025 4934
490 301 623 415 m

493 521 720 557 mensem
744 513 799 558 et
822 506 1109 559 Octobrem
1139 520 1207 557 ex
1243 506 1554 571 appellatio·

494 584 645 633 nibus
667 584 770 632 suis
791 582 1162 633 Germanicum
1173 582 1554 632 Domitianum·

494 673 596 721 que
620 657 1075 708 transnominavit.’
1104 657 1256 707 Suet.
1279 657 1483 708 Domit.
1504 672 1557 708 c.

495 739 579 786 la.
602 735 792 785 δώσει.

560 809 813 874 Multaque
834 809 997 874 opera]
1036 810 1168 862 Quae
1190 809 1258 859 de
1294 810 1556 874 Capitolio

496 903 528 937 a
550 895 701 952 patre
721 888 964 938 inchoato
978 887 1183 948 scribit,
1207 887 1373 936 minus
1396 887 1578 937 aden·-⁴

493 971 614 1014 rata
632 975 753 1016 sunt
771 980 788 1026 ς
821 963 1169 1027 Vespasianus
1184 964 1320 1013 enim
1338 963 1557 1027 iucoepit

496 1049 555 1093 et
598 1042 861 1091 dedicavit
908 1041 1243 1105 Capitolium,
1289 1038 1380 1088 sed
1427 1039 1553 1089 illud

495 1118 643 1167 brevi
666 1130 781 1182 post
799 1119 915 1182 ejus
928 1132 1194 1167 excessum
1211 1118 1396 1166 iterum
1411 1115 1553 1165 flam·

493 1194 593 1244 mis
617 1193 794 1245 fuerat
818 1195 1068 1258 deletum,
1090 1208 1250 1258 quare
1278 1207 1464 1242 novum
1486 1208 1555 1241 ae·

496 1270 727 1322 dificavit
750 1280 805 1321 et
826 1272 1095 1321 dedicavit
1118 1269 1556 1330 Domitianus,uti

495 1348 675 1398 melius
710 1349 888 1399 docuit
925 1348 1238 1398 Plutarchus
1279 1347 1482 1410 Poplic.
1504 1361 1559 1410 p.

498 1427 613 1473 104.
649 1424 801 1474 Hanc
817 1422 1218 1488 dumopnciwin
1237 1423 1432 1472 Nostro
1444 1423 1556 1485 jam

491 1507 738 1550 notarunt
779 1501 1055 1550 Marcilius
1087 1499 1152 1549 ad
1176 1501 1390 1549 Sueten.
1424 1498 1555 1548 Ves-

496 1591 604 1640 paa.
637 1590 684 1628 c.
704 1580 755 1625 8.
777 1585 833 1625 et
857 1576 1060 1638 Lipsius
1083 1576 1150 1625 de
1186 1576 1367 1639 Magn.
1408 1574 1555 1624 Rom.

495 1666 586 1703 ιιι.
608 1659 661 1703 5.
683 1667 734 1715 p.
758 1657 874 1702 771.
895 1652 1069 1702 Arutz.

562 1731 592 1794 ς
613 1735 643 1779 5
669 1729 936 1793 Segnisque
956 1729 1158 1779 ridicule
1177 1728 1397 1791 renuatis]
1421 1727 1558 1777 Tor-

497 1805 692 1855 rentius
712 1807 841 1869 legit
861 1821 892 1854 e
918 1805 1157 1856 Suetonii
1181 1819 1228 1853 c.
1250 1807 1297 1854 8.
1327 1805 1558 1869 stylique

493 1886 713 1939 ridicule,
742 1886 824 1947 esc.
868 1897 972 1932 nou
1014 1883 1090 1931 ita
1126 1880 1383 1931 absurde:
1420 1880 1558 1931 haud

495 1969 694 2012 temere
716 1968 891 2010 tamen
913 1960 1262 2009 damnaverim
1280 1958 1558 2009 lectionem

495 2046 783 2101 receptam,
812 2052 928 2101 quse
962 2036 1220 2099 respicere
1254 2035 1458 2084 videtur
1492 2035 1558 2084 ad

492 2115 760 2177 superiora
776 2114 878 2168 illa,
893 2112 909 2140 ‘
928 2126 1097 2176 neque
1113 2112 1243 2159 adeo
1254 2112 1560 2174 iners,domi,

496 2190 738 2254 belloque
759 2189 1064 2239 tolerantior
1088 2186 1397 2239 videbatur!
1424 2189 1560 2238 Gru·

495 2273 645 2320 ierus.

561 2345 759 2394 Foedum
774 2342 1059 2406 exercitum]
1083 2342 1381 2392 Exci-citium
1398 2341 1559 2392 credo

392 2453 400 2462 ·
493 2420 722 2483 scripsit,
745 2427 802 2468 ut
836 2419 1035 2480 vulgati
1076 2416 1393 2481 praeferunt:
1432 2431 1560 2481 quos

493 2496 669 2546 bacin
709 2504 856 2559 parte
878 2496 1088 2544 mutilos
1127 2509 1239 2544 esse
1266 2494 1558 2544 docuimus.

496 2571 807 2622 Suetonius:
842 2571 857 2598 ‘
877 2571 1019 2620 velut
1044 2570 1435 2620 exercitationis
1473 2584 1560 2633 ge·

495 2662 592 2698 nus
611 2647 644 2710 ς’
679 2662 725 2697 c.
749 2652 832 2697 22.
866 2646 1053 2697 Seuere.
1137 2644 1420 2704 Κλινοπάλη
1455 2660 1558 2696 vox

496 2725 669 2790 petita
709 2724 776 2773 ab
819 2731 933 2773 arte
970 2725 1389 2788 palaestritarum,
1422 2725 1559 2773 iuter

496 2815 625 2866 quos
665 2801 740 2849 illi
791 2801 1013 2849 maxime
1070 2800 1435 2861 laudabantur,
1467 2798 1558 2863 qui

496 2877 729 2940 quamvis
760 2874 872 2938 jam
907 2875 962 2923 in
985 2883 1174 2923 terram
1198 2874 1418 2938 projecti
1442 2888 1558 2924 suc·

496 2951 818 3008 cumberent‚
856 2959 1029 2999 tamen
1052 2959 1167 3014 arte
1196 2967 1290 3001 sua
1309 2953 1556 3001 adversa-

496 3030 629 3078 rium
655 3035 868 3091 possent
909 3041 1173 3089 superare.
1240 3029 1318 3077 Eo
1343 3028 1559 3091 respicit

495 3104 753 3154 Martialis
774 3103 927 3165 Epig.
948 3116 1065 3151 xlv.
1080 3107 1196 3152 201.
1214 3103 1407 3169 “Hunc
1424 3118 1558 3166 amn,

496 3181 585 3242 qui
606 3180 781 3235 vincit,
806 3179 897 3227 sed
919 3180 1008 3244 qui
1031 3180 1369 3230 succumbere
1391 3182 1555 3238 novit,

496 3254 569 3310 Et
589 3256 771 3306 melius
793 3253 979 3303 didicit
1015 3253 1106 3312 τὴν
1138 3254 1562 3314 &vamum-daun?

497 3330 633 3381 Haec
668 3331 825 3380 lectio
850 3330 1087 3394 profecta
1123 3338 1204 3381 est
1232 3348 1263 3381 a
1284 3333 1557 3388 Salmasio,

496 3410 687 3460 Exerc.
735 3407 877 3458 Plin.
905 3424 957 3472 p.
991 3413 1108 3459 206.
1140 3409 1238 3459 nisi
1272 3411 1455 3459 melius
1490 3426 1556 3459 ex

497 3485 707 3549 scriptis
744 3491 1105 3548 reponeretur,
1136 3486 1254 3534 Noa
1288 3501 1411 3544 amo,
1434 3490 1560 3550 quod

494 3561 677 3617 vincat,
708 3563 791 3611 sed
824 3563 947 3623 quod
976 3561 1269 3612 succumbere
1298 3566 1430 3612 novit
1450 3580 1468 3612 .·
1503 3563 1558 3614 id

496 3644 596 3693 est,
630 3651 727 3686 uon
763 3636 884 3685 ideo
930 3651 1043 3685 amo
1078 3638 1214 3701 quod
1246 3637 1432 3703 vincit,
1463 3640 1557 3689 sed

496 3713 634 3778 quod
652 3707 1039 3763 succumbendo
1063 3714 1242 3764 vincit.
1308 3717 1460 3767 Quod
1476 3731 1559 3766 au·

498 3796 604 3838 tem
628 3788 740 3838 haec
760 3802 931 3851 pugna
948 3795 1063 3836 erat
1085 3788 1136 3837 in
1157 3795 1298 3839 terra
1321 3805 1558 3853 procum-

495 3864 751 3925 bentium,
772 3864 839 3912 ad
868 3864 1183 3913 lecticariam
1215 3866 1411 3915 luctam
1445 3882 1558 3915 eam

494 3940 761 3989 transtulit
784 3940 998 4002 inpurus
1021 3938 1320 4001 Inperator,
1351 3956 1562 4006 quomo·

496 4014 565 4064 do
586 4023 638 4064 et
662 4015 751 4064 alii
770 4015 1033 4064 vocabulis
1050 4016 1312 4079 palaestrae
1337 4018 1415 4067 usi
1438 4024 1561 4068 sttnt

494 4092 548 4141 in
574 4105 631 4139 re
652 4086 922 4140 amatoria.
992 4092 1245 4155 Exempla
1268 4102 1390 4143 sunt
1418 4096 1560 4159 apud

496 4167 646 4218 Salas
661 4166 725 4213 sd
745 4166 964 4215 Petron.
985 4167 1094 4218 Sat.
1108 4182 1156 4219 c.
1174 4171 1257 4218 21.
1270 4176 1326 4220 et
1346 4170 1562 4224 Lucian.

498 4242 665 4295 Asino
686 4256 741 4307 p.
764 4245 846 4294 80.
865 4244 1041 4293 Arutz.

1183 363 1404 414 1⁴01·AE
1454 363 1859 414 vAtttotttJM
1909 363 1992 416 ΙΝ

1692 508 1721 572 §
1742 509 1773 556 7
1803 506 1966 558 Uxm
1987 517 2080 555 non
2093 505 2292 570 ignara]
2308 506 2544 557 Domitia
2559 508 2695 559 Ion·

1628 583 1750 645 gina
1775 583 1856 632 rel
1879 582 2168 631 Domitilla.
2222 583 2511 648 Tranquill.
2532 600 2696 650 capp.

1628 662 1676 707 1.
1699 666 1754 707 et
1776 663 1824 708 3.
1848 658 1914 708 de
1944 658 2137 708 Paride
2160 659 2432 709 histrione.
2455 660 2641 713 Schott.

1692 734 1988 799 Hirti-ionis]
2043 736 2160 785 Viro
2183 742 2353 785 autem
2394 752 2491 801 pro
2514 753 2694 788 amore

1627 810 1740 867 viri,
1767 819 1825 862 ut
1849 811 1986 875 apud
2009 811 2202 863 Justin.
2232 826 2297 861 ιι.
2321 817 2403 863 14.
2426 815 2455 878 §
2480 818 2562 863 10.
2581 814 2597 841 ‘
2616 815 2696 865 A·

1628 887 1971 939 theniensium
2005 889 2167 939 virtus
2189 890 2382 938 ceteris
2403 892 2626 953 praelata
2646 907 2662 940 ε
2680 890 2696 913 ’

1629 964 1715 1013 nbi
1743 966 1890 1028 plura
1914 966 2175 1015 Vorstius.
2193 966 2371 1016 Arata.

1693 1041 1722 1104 ς
1765 1044 1797 1089 8
1846 1040 2147 1090 Gladiatoris
2191 1057 2318 1091 more
2348 1041 2508 1101 funus
2544 1043 2699 1108 ferri]

1628 1115 1844 1164 Bauldri
1862 1115 1928 1164 ad
1948 1116 2188 1167 Lactant.
2204 1117 2270 1165 de
2293 1117 2457 1166 Mort.
2479 1118 2696 1168 Persec-

1628 1204 1744 1254 cap.
1767 1195 1816 1240 3.
1836 1192 1922 1241 hic
1944 1192 2189 1254 malebat,
2222 1193 2300 1241 uti
2325 1200 2408 1241 est
2430 1193 2484 1241 iu
2508 1194 2696 1257 Epito-

1628 1279 1730 1322 ma‚
1752 1266 1953 1331 effen-i,-
1985 1266 2077 1315 sed
2100 1267 2209 1316 siue
2234 1268 2338 1315 ulla
2356 1268 2697 1318 necessitate.

1629 1341 1762 1390 Vide
1785 1358 1904 1407 quae
1929 1351 2165 1393 notamus
2194 1344 2260 1393 ad
2285 1344 2401 1393 Vir.
2423 1343 2584 1395 Ithe.
2607 1349 2699 1395 61.

1629 1416 1750 1469 fine.
1773 1419 1954 1470 Arntz.

1693 1494 1924 1547 Auctor-es
1964 1497 2116 1561 necis]
2167 1497 2529 1555 Parthenium,
2577 1497 2699 1548 Ste-

1629 1570 1866 1634 phanum,
1874 1577 1883 1590 ’·
1921 1572 2247 1638 Clodianum,
2279 1576 2593 1639 Maximum,
2642 1582 2698 1626 et

1631 1649 1951 1703 Saturnium.
1993 1654 2143 1703 Suet.
2163 1668 2210 1703 c.
2235 1657 2314 1705 17.
2337 1655 2530 1705 Schott.

1693 1727 1722 1788 §
1766 1730 1824 1775 11
1853 1727 1955 1776 Per
1981 1727 2057 1791 se]
2101 1729 2208 1777 Sed
2247 1730 2469 1783 deerant
2489 1730 2702 1795 duces,

1628 1800 1778 1850 Suet.
1800 1816 1920 1865 cap.
1942 1807 2024 1852 23.
2042 1804 2228 1854 Schott.
2295 1807 2483 1870 Locus,
2504 1807 2548 1856 st
2572 1807 2698 1872 qnid

1629 1877 1802 1941 video,
1834 1888 2128 1944 corruptus.
2195 1882 2304 1931 Cur
2326 1884 2464 1933 enim
2488 1885 2589 1934 bic
2613 1900 2699 1936 re-

1629 1956 1764 2018 petit
1808 1956 1994 2005 milites
2030 1958 2219 2009 bellurn
2263 1957 2423 2009 fuisse
2466 1960 2695 2018 molitos,

1632 2048 1747 2083 cum
1762 2034 1872 2097 jam
1895 2034 2120 2096 dixerat,
2139 2049 2229 2085 eos
2251 2035 2307 2086 in
2334 2039 2554 2100 gratiam
2577 2053 2701 2089 con·

1633 2110 1834 2160 venisse
1873 2125 1990 2160 cum
2033 2113 2399 2175 optimatibus?
2458 2122 2553 2166 aut
2605 2130 2700 2165 cur

1631 2203 1862 2238 caussam
1877 2188 2022 2239 addit
2035 2189 2356 2240 amissionem
2375 2192 2699 2255 pra-darum?

1633 2278 1697 2313 an
1736 2263 1834 2314 hoc
1871 2272 2024 2312 antea
2049 2278 2151 2318 non
2186 2273 2518 2328 exposuerat,
2555 2281 2696 2317 com·

1633 2339 1788 2389 moda
1823 2354 1998 2389 eorum
2043 2340 2315 2403 dispendio
2350 2342 2562 2404 publico
2596 2344 2699 2394 lar·

1633 2415 1746 2479 gius
1766 2416 2108 2479 :procederei'
2162 2418 2282 2467 Nou
2315 2417 2502 2469 dubito
2538 2420 2698 2481 igitur

1635 2490 1919 2541 rescribere
1951 2491 2244 2555 conjunctis
2276 2492 2489 2543 vocibus
2511 2496 2697 2553 Persa,

1636 2569 1723 2632 qui
1766 2567 1884 2616 ideo
1922 2582 2063 2630 aegre
2098 2566 2341 2619 ferebant
2381 2571 2697 2621 inmutatum

1635 2660 1750 2694 esse
1800 2645 2077 2707 inperium,
2138 2645 2273 2709 quod
2331 2646 2697 2708 praecedentes

1633 2722 1969 2784 Inperatores
1992 2721 2263 2771 mittendis
2299 2722 2434 2771 ultro
2467 2725 2694 2773 muneri-

1632 2797 1726 2848 bus
1750 2812 1933 2861 pacem
1973 2797 2241 2858 emissent,
2266 2813 2298 2845 a
2317 2811 2423 2861 qua
2458 2812 2517 2848 re
2541 2800 2698 2849 alieni

1633 2873 1846 2924 fuerunt
1876 2883 2156 2939 sequentes
2187 2874 2419 2923 Caesares
2442 2875 2623 2924 Nerva
2646 2883 2702 2925 et

1632 2953 1904 3016 Trajanus.
1970 2951 2102 3003 Jure
2130 2950 2293 3013 igitur
2322 2960 2530 3016 turpem
2567 2955 2699 3003 hauc

1633 3028 1874 3078 inertiam
1892 3028 1946 3077 in
1964 3027 2262 3078 Domitiano
2279 3027 2484 3091 culpat,
2498 3038 2554 3078 et
2570 3029 2699 3080 Tra·

1623 3105 1735 3167 jani
1774 3103 2080 3156 industriam
2129 3104 2366 3153 laudibus
2408 3102 2563 3155 effert
2593 3107 2696 3156 hac

1632 3181 1789 3230 etiam
1808 3181 1861 3229 iu
1884 3187 2033 3244 parte
2058 3180 2258 3230 Plinius
2279 3180 2332 3229 in
2356 3180 2557 3245 Paneg.
2576 3196 2695 3246 cap.

1633 3260 1714 3305 12.
1770 3254 2106 3319 ‘Accipimus
2150 3254 2357 3304 obsides
2413 3271 2565 3319 ergo·
2596 3273 2696 3308 nou

1633 3333 1864 3393 emimus,
1910 3347 2008 3381 nec
2052 3331 2347 3395 ingentibus
2384 3331 2588 3382 damnis
2619 3334 2697 3382 in-

1631 3410 1924 3472 mensisque
1962 3407 2261 3457 muneribus
2293 3407 2607 3469 paciscimur
2638 3415 2698 3458 ut

1633 3485 1903 3533 vicerimus
1925 3481 1961 3532 :’
1995 3483 2082 3531 ubi
2099 3482 2408 3545 inspiciendi
2432 3497 2696 3533 commen·

1635 3569 1846 3613 tatores.
1890 3562 1961 3610 Et
1984 3560 2111 3609 illud
2136 3568 2236 3615 est,
2255 3559 2390 3621 quod
2423 3560 2558 3610 dicit
2581 3562 2693 3611 Flo-

1633 3653 1722 3688 rus
1748 3639 1972 3687 Prooem.
1993 3636 2082 3685 lib.
2104 3650 2143 3685 1.
2164 3637 2178 3661 ‘
2195 3635 2291 3683 sub
2311 3635 2538 3699 Trajano
2560 3637 2694 3699 prin-

1632 3716 1748 3778 cipe
1771 3713 2024 3776 inperium
2044 3712 2267 3761 movisse
2290 3710 2556 3761 lacertos.'
2613 3711 2694 3761 Ad

1633 3804 1786 3854 quem
1800 3791 1970 3837 locum
1984 3786 2254 3836 commode
2269 3786 2505 3847 Begerus
2523 3787 2695 3838 adfert

1632 3879 1891 3916 nummum
1914 3863 2127 3926 Trajani
2153 3876 2267 3911 cum
2299 3861 2395 3909 hac
2430 3862 2694 3925 inscripti·

1632 3955 1766 3991 one:
1802 3953 1940 3991 anx.
1974 3950 2238 3989 Paa'rnts.
2275 3950 2473 3986 nA'rvs.
2543 3938 2693 3988 Adde

1633 4016 1853 4066 eundem
1878 4016 1930 4063 in
1954 4015 2220 4064 Thesauro
2244 4012 2549 4063 Brandenb.
2569 4022 2690 4064 tom.

1634 4108 1701 4145 ιι.
1733 4107 1785 4155 p.
1807 4095 1923 4143 649.
1957 4097 2015 4139 et
2051 4089 2117 4138 de
2154 4089 2251 4140 Bie
2285 4088 2543 4137 Numism.
2587 4089 2693 4139 Au-

1633 4184 1726 4220 rea
1743 4169 1851 4220 tab.
1872 4180 2017 4219 xvn.
2059 4163 2264 4215 Plinius
2281 4164 2473 4214 iterum
2492 4164 2693 4227 Paneg.

1635 4261 1681 4300 c.
1706 4250 1785 4300 14.
1807 4248 1823 4275 ‘
1844 4246 1963 4297 Non
1984 4241 2299 4296 incunabula
2325 4241 2442 4292 haec
2464 4241 2564 4293 tibi
2582 4242 2689 4295 Cae-.
