3025 4934
448 282 580 348 504

450 456 548 507 pro
581 441 750 491 Publia·
803 441 1020 492 Mediol.
1074 441 1293 507 prefert
1344 444 1510 495 Tullii.

449 517 568 567 Nec
591 517 781 566 desunt
804 519 891 582 qui
916 519 999 580 T„
1017 519 1116 569 hoc
1130 527 1233 582 est,
1246 520 1367 582 Titi,
1384 521 1511 570 scri·

447 593 675 643 bendum
704 594 955 656 putarint.
1021 596 1230 660 Scripta
1255 611 1379 647 vero
1403 596 1509 648 lec*-

450 670 527 720 tio
551 670 701 732 Spuri
739 671 1079 722 Coruinum-ti.
1126 672 1331 724 Schott.
1396 674 1511 724 Nu·

446 755 637 808 gamm·
668 749 796 798 mire
831 749 881 798 iu
918 749 994 798 liis
1032 750 1242 800 vocibus
1280 750 1509 801 librariis

450 823 598 874 Leid.
647 830 693 874 1.
733 824 905 888 Spurii
949 826 1288 876 cornicularii.
1356 826 1510 877 Alter

448 899 576 949 Puri
593 901 1004 951 Commencularii.
1038 903 1194 952 Fran.
1206 909 1263 952 et
1275 903 1510 954 Gramm.

444 977 576 1026 Puri
599 978 937 1029 Cornieuearii.
990 980 1192 1031 Boend.
1212 981 1374 1031 Public·
1391 983 1508 1030 Cor·

445 1053 689 1102 nicalai-ii.
753 1055 928 1104 Haun.
952 1055 1160 1120 Spurius
1184 1057 1511 1107 Corniculani-ii

444 1142 502 1177 uc
526 1129 686 1178 Retia
706 1145 751 1181 c.
761 1131 920 1194 filius.
986 1132 1148 1182 Certo
1171 1133 1400 1196 Spurium
1431 1131 1510 1183 fu·

444 1204 549 1253 isse
566 1205 679 1269 jam
717 1207 926 1270 quidam
949 1208 1089 1270 apud
1116 1216 1320 1258 veteres
1342 1208 1508 1266 credi·

446 1281 658 1342 derunt,
702 1290 762 1331 ut
812 1290 961 1346 patet
1002 1299 1067 1333 ex
1102 1284 1259 1334 Festo
1292 1286 1346 1334 in
1379 1300 1509 1336 voce

445 1358 462 1382 ‘
482 1357 711 1407 Nothum
733 1357 768 1405 ι’
801 1360 817 1387 ‘
836 1358 989 1412 Quod
1025 1361 1141 1410 Ser.
1177 1361 1391 1424 Tullius,
1422 1362 1510 1427 qui

446 1434 627 1484 Romae
652 1437 910 1499 regnavit,
950 1445 1102 1486 uatus
1126 1446 1208 1487 est
1230 1452 1296 1487 ex
1318 1453 1508 1488 concn-

446 1510 571 1560 bina
608 1514 817 1574 spurius
871 1512 1011 1562 Tulli
1055 1512 1263 1562 tributis
1307 1513 1507 1578 (malim

445 1586 654 1651 tribuni)
675 1589 775 1637 nisi
814 1587 952 1638 forte
991 1590 1258 1639 maluimus
1291 1589 1508 1640 credere

446 1664 646 1714 Oclisia
660 1664 1005 1715 Corniculana
1028 1666 1239 1729 captiva
1259 1680 1375 1716 cum
1399 1681 1509 1717 sus·

444 1745 659 1802 ceptum
713 1747 882 1789 matre
920 1740 1184 1792 serviente
1201 1742 1237 1790 ε’
1278 1749 1506 1794 attamen

444 1815 682 1865 hocloco
703 1817 896 1879 spurius
917 1818 1079 1881 recipi
1113 1832 1218 1868 nou
1240 1818 1421 1881 debet,
1440 1834 1506 1869 ue

443 1890 736 1943 confundat
757 1900 938 1942 auctor
952 1892 1081 1943 duas
1097 1896 1405 1957 sententias,
1422 1897 1505 1946 vel

442 1979 511 2015 ex
528 1966 841 2028 concubina,
877 1970 957 2018 vel
989 1983 1056 2018 ex
1080 1968 1304 2020 Ocresia
1323 1980 1504 2022 natum

443 2041 626 2093 fuisse.
692 2043 893 2107 Scripsi
937 2045 1100 2108 igitur
1154 2060 1220 2095 ex
1277 2048 1508 2111 vestigiis

443 2118 596 2169 codd.
635 2127 693 2170 et
729 2120 930 2170 Boentl.
975 2121 1169 2171 diserto
1205 2125 1508 2176 testimonio

442 2195 637 2260 Publii,
694 2197 926 2260 quamvis
972 2197 1217 2248 libentius
1271 2200 1506 2252 viderem

444 2272 593 2321 Tullii
636 2285 920 2337 agnoscere
974 2281 1197 2332 nostros,
1250 2280 1507 2341 quomodo

441 2348 682 2399 ediderat
722 2348 1061 2414 Machaneus,
1106 2352 1280 2402 nescio
1322 2368 1387 2403 an
1438 2370 1507 2404 ex

443 2425 577 2473 Mss.
618 2440 685 2474 an
723 2427 1043 2477 auctoritate
1066 2427 1254 2479 ductus
1295 2430 1508 2486 Livii-1.

439 2503 526 2548 39.
585 2502 892 2552 Corniculani
919 2517 1040 2553 vero
1053 2513 1238 2555 contra
1259 2520 1507 2572 eos,quos

331 2568 355 2578 ⁸
445 2576 570 2631 vidi,
593 2577 748 2627 codd.
769 2577 1061 2628 defendunt
1083 2588 1263 2630 'omnes
1285 2583 1434 2639 editi,
1448 2589 1504 2634 et

441 2652 601 2714 prisci
656 2653 957 2717 scriptores,
995 2656 1084 2719 qui
1126 2662 1392 2722 parentes,
1424 2659 1506 2708 vel

440 2737 664 2777 matrem
685 2736 833 2778 certe
853 2730 1024 2779 Servii
1049 2731 1327 2782 Corniculo
1351 2740 1507 2797 capta

438 2803 659 2853 Romam
681 2805 1015 2856 transductos
1036 2807 1396 2871 prodiderunt,
1413 2826 1504 2860 nn-

440 2880 508 2929 de
543 2879 558 2907 ‘
580 2880 801 2930 Ocresia
820 2879 835 2902 ’
869 2882 1026 2932 etiam
1083 2888 1099 2912 ⁴
1126 2884 1506 2936 Corniculana’

440 2955 586 3007 dieta
609 2957 751 3022 apud
768 2957 926 3008 Ovid.
940 2959 1080 3010 Fast.
1096 2974 1175 3010 vr.
1191 2965 1306 3013 627.
1318 2969 1333 2992 ⁴
1346 2963 1505 3013 Nam-

439 3049 543 3099 qne
588 3044 741 3099 pater
782 3036 922 3085 Tulli
957 3036 1242 3094 Vulcanus.
1282 3037 1506 3090 Ocresia

438 3118 628 3174 mater,
665 3112 948 3177 Proesignis
982 3112 1140 3178 facie,
1165 3115 1504 3166 Corniculana

436 3185 579 3237 fuit?
642 3188 713 3237 Et
738 3189 878 3238 Fest.
903 3190 1004 3238 loc.
1026 3190 1172 3240 laud.
1210 3191 1407 3240 Tamen
1433 3191 1504 3240 O-

434 3262 677 3313 criculum
697 3271 912 3313 vocatur
931 3280 962 3312 a
984 3266 1257 3315 scholiaste
1274 3267 1503 3318 Juvena-

439 3339 505 3387 lis
547 3338 659 3388 Sat.
707 3351 835 3388 vui.
876 3343 994 3391 259.
1026 3341 1041 3366 ‘
1064 3339 1276 3390 Ancilla
1331 3351 1505 3405 natus,

440 3414 761 3465 Ocriculana
781 3417 1011 3480 captivs,
1030 3416 1242 3466 Servius
1265 3417 1506 3468 Tullius)

434 3490 540 3539 Sed
583 3498 640 3539 et
675 3505 792 3541 eum
840 3493 1007 3541 locum
1047 3502 1349 3558 corruptum
1385 3510 1501 3544 esse

438 3580 537 3630 pro
566 3567 883 3617 Corniculana
901 3568 1023 3617 mihi
1046 3570 1350 3632 persuadeo.
1387 3571 1503 3620 Nisi

437 3642 635 3707 potius,
657 3645 793 3707 quod
821 3658 956 3693 nuuc
999 3658 1097 3692 non
1132 3643 1354 3709 refugio,
1398 3645 1500 3695 dis·

438 3733 645 3770 sensum
672 3733 738 3767 ex
775 3718 1102 3780 ignoratione
1126 3722 1318 3771 veteris
1339 3721 1503 3771 histo·

437 3798 530 3847 riae
554 3809 910 3860 agnoscamus.
929 3797 1124 3847 Eadem
1145 3813 1305 3862 opera
1328 3814 1502 3851 emen·

436 3873 587 3921 dabis
628 3872 975 3936 Porphyrium
1006 3872 1070 3921 ad
1103 3873 1292 3924 Horat.
1320 3875 1431 3927 Sat.
1461 3889 1502 3927 1.

437 3955 488 3998 6.
509 3953 560 3998 9.
590 3956 605 3978 ‘
623 3948 830 3997 Tullum
853 3954 1026 3998 autem
1049 3950 1354 4010 nominavit,
1379 3954 1502 4017 quia

439 4040 590 4076 serva
605 4025 816 4089 captiva
834 4024 1172 4077 fornieularia
1190 4026 1294 4078 fuit
1310 4029 1499 4080 natus.’

437 4105 564 4168 Ipse
588 4102 877 4150 litterarum
902 4102 1089 4153 ductus
1119 4111 1177 4152 et
1209 4105 1286 4155 rei
1310 4107 1502 4155 veritas

441 4178 757 4230 Corniculana
764 4178 1096 4229 scribendum
1111 4183 1500 4233 monent.‘For·

437 4254 720 4321 uicariam‚’
752 4255 1088 4308 meretricem
1107 4256 1162 4307 in
1198 4255 1491 4312 Latinitate

1148 298 1369 349 Norat
1417 298 1826 349 vamottuu
1881 290 1956 349 tit

1584 445 1824 510 aequiore
1858 444 2116 496 novimus.
2182 445 2288 496 Sed
2343 459 2496 496 neruo
2545 447 2651 497 tole

1587 522 1713 585 quid
1739 521 1808 571 de
1830 527 1995 571 matre
2016 521 2190 571 Servii
2217 521 2371 583 dixit,
2394 528 2468 584 et,
2490 521 2535 571 si
2560 522 2653 571 ad·

1584 598 1908 659 mitteretur,
1950 597 2110 647 menti
2148 598 2429 661 Porphyrii
2468 598 2652 647 adver·

1586 683 1750 723 satur.
1818 673 1995 738 Atque
2032 674 2106 723 ita
2143 674 2260 737 lege
2289 673 2424 735 apud
2449 672 2652 724 Arnob.

1586 749 1707 799 adv.
1731 748 1891 799 Gent.
1912 762 1967 800 ν.
1983 753 2097 799 169.
2114 748 2131 778 ‘
2146 748 2506 799 Corniculana!
2527 748 2649 798 inde

1583 824 1918 889 imperavisse
1962 823 2246 889 captivaet'
2304 832 2361 875 et
2392 826 2543 876 Serv.
2579 826 2650 876 ad

1584 903 1732 965 Virg.
1764 902 1880 955 AEu.
1904 916 1969 952 ιι.
2002 906 2121 953 688.
2156 908 2171 932 ⁶
2196 902 2334 953 Nam
2372 916 2490 951 cum
2520 903 2649 952 Tar·

1583 980 1787 1044 quinius
1804 979 2023 1029 Priscus
2038 978 2263 1043 cepisset
2279 978 2648 1030 Ocriculanam

1585 1054 1854 1104 civitatem
1879 1068 1945 1104 ex
1966 1055 2178 1117 captiva
2200 1053 2421 1117 quadam
2464 1054 2517 1103 in
2554 1054 2647 1102 iio·

1585 1145 1670 1181 mo
1692 1132 1805 1195 ejus
1823 1138 1974 1180 natus
1996 1139 2078 1180 est
2090 1131 2299 1180 Servius
2319 1129 2559 1180 Tullius-⁹
2590 1130 2648 1180 Si

1586 1209 1863 1256 veritatem
1885 1206 2073 1257 ducem
2109 1220 2403 1271 sequamur,
2436 1205 2513 1256 ibi
2545 1207 2649 1258 erit

1584 1283 2232 1347 legendumCor-aicalaaam
2244 1282 2483 1332 civitatem
2493 1300 2518 1342 ‚·
2530 1298 2648 1348 qum

1583 1368 1742 1423 capta
1774 1367 1857 1410 est
1891 1374 1924 1409 a
1960 1358 2241 1424 Tarquinio
2286 1359 2490 1409 Prisco.
2557 1359 2645 1410 Li-

1585 1438 1698 1485 vius
1733 1451 1774 1486 ι.
1813 1440 1894 1486 38.
1941 1437 1957 1463 ⁸
1982 1436 2289 1486 Ocriculum
2314 1434 2328 1456 '
2367 1433 2576 1485 demum
2614 1450 2649 1487 a

1582 1513 1866 1578 Tarquinio
1887 1512 2146 1577 Superbo·
2176 1513 2361 1563 Florus
2385 1516 2491 1563 ta.
2511 1512 2649 1564 Ara-

1584 1593 1711 1639 tm-

1652 1664 1887 1729 Ocresioe]
1916 1663 2129 1727 Scripta
2139 1662 2307 1714 «lectio
2331 1663 2593 1723 Gerontia,
2615 1677 2650 1714 a

1584 1753 1687 1805 quo
1714 1741 1886 1791 Paris.
1906 1740 2032 1790 nihil
2057 1739 2273 1796 evariat,
2295 1738 2391 1788 nisi
2414 1738 2551 1803 quod
2578 1740 2649 1788 0·

1580 1815 1746 1864 entia·
1758 1815 1971 1872 scribat.
1985 1823 2045 1865 ut
2061 1823 2118 1866 et
2131 1815 2420 1866 Mediolan.
2452 1817 2647 1867 Verum

1579 1889 1824 1954 Lugdun.
1847 1891 2165 1948 Ocresiae,-et
2202 1891 2473 1956 inscriptio
2498 1900 2648 1942 vetus

1580 1981 1698 2029 quae
1748 1967 1861 2017 illic
1916 1968 2131 2029 visitur3
2170 1967 2406 2018 Occrt’st‘oe
2462 1967 2646 2018 Colon.

1582 2043 1710 2092 Vidi
1733 2045 1899 2108 quiet
1927 2044 2140 2094 Ocratiae
2160 2045 2470 2095 scriberent.
2538 2043 2646 2095 Sed

1580 2117 1718 2168 hauc
1740 2135 1769 2168 a
1792 2118 2016 2168 librariis
2054 2134 2149 2184 pro
2180 2119 2436 2169 arbitratu
2474 2120 2645 2184 cujus·

1582 2209 1683 2259 qne
1706 2193 1897 2245 factam
1935 2196 2280 2245 mutationem
2318 2195 2527 2245 minime
2552 2195 2644 2244 mi-

1582 2269 1821 2332 randum,
1845 2272 2137 2337 presertim
2162 2272 2214 2321 iu
2248 2272 2455 2321 nomine
2473 2272 2643 2321 aliun·

1581 2346 1648 2396 de
1685 2347 1740 2396 in
1766 2348 1962 2398 Urbem
1984 2349 2239 2412 advecto,
2264 2356 2320 2399 et
2340 2363 2503 2399 servae
2539 2364 2647 2397 mu·

1581 2422 1741 2486 lieris,
1786 2422 1926 2474 uude
1977 2439 2073 2474 rex
2123 2438 2311 2474 nomeu
2359 2426 2643 2489 acceperit.

1580 2498 1769 2549 Festus
1797 2499 1957 2549 etiam
1983 2501 2035 2548 in
2069 2499 2086 2527 ⁸
2103 2498 2382 2563 Nothum,'
2408 2504 2424 2528 ⁶
2446 2500 2643 2550 Oelisi-

1576 2589 1658 2625 am
1685 2577 2087 2626 Corniculanam
2122 2576 2387 2641 captivam
2409 2574 2424 2597 ’
2452 2585 2602 2627 vocat
2624 2592 2641 2626 ι

1578 2652 1645 2701 ad
1669 2667 1823 2716 quem
1858 2653 2027 2702 locum
2063 2653 2367 2703 consulendi
2389 2652 2532 2703 docti
2567 2654 2645 2703 in·

1577 2734 1859 2790 terpretes.
1922 2729 2112 2778 Exstat
2134 2728 2387 2792 hodieque
2403 2728 2644 2793 Lugduni

1579 2802 1760 2853 tabula
1776 2818 1934 2862 aerea,
1951 2806 2099 2867 cujus
2120 2806 2416 2868 exemplum
2440 2806 2644 2854 amicis·

1577 2881 1737 2929 simus
1759 2881 1964 2945 Lipsius
1984 2894 2186 2929 mecum
2208 2882 2608 2931 communicavit
2626 2897 2643 2931 t

1576 2956 1930 3022 quamobrem,
1952 2956 2088 3020 quod
2109 2956 2428 3007 illustrandae
2454 2958 2531 3006 rei
2555 2958 2645 3020 sit,

1574 3050 1678 3085 non
1694 3035 1890 3099 pigebit
1903 3035 2225 3086 adscribere:
2240 3049 2642 3086 sauvrvsxrvn·

1574 3124 1717 3161 uvs.
1743 3125 1810 3160 st.
1826 3124 2095 3162 Νοετιιοε.
2119 3124 2430 3165 sanvrmvu.
2448 3126 2643 3162 caru-

1573 3201 1670 3238 va.
1684 3201 2150 3238 narvsncaasra.
2166 3202 2268 3238 sur
2277 3202 2458 3238 vscos.
2471 3202 2642 3239 canu

1575 3276 1877 3319 evorsum.
1916 3277 2231 3315 vrvnmun.
2268 3279 2523 3315 somnus.
2555 3280 2636 3316 121-

1577 3351 1933 3387 mrmssmvs.
1965 3351 2164 3388 cums.
2189 3352 2245 3394 Q.
2286 3353 2432 3389 mvs-
2465 3354 2634 3390 casvs

1575 3426 1778 3462 conas.
1799 3425 2121 3466 rosruvau·
2138 3427 2334 3465 vaura·
2370 3429 2641 3466 roa'rvua

1576 3503 1851 3540 nucrvs.
1875 3501 2031 3540 ‘cvm
2060 3503 2341 3543 ounthS.
2367 3504 2658 3545 accrevis-

1575 3578 1865 3616 cAEum-u.
1887 3553 2226 3616 exnact‘rvs‘.
2247 3578 2513 3617 mavum.
2542 3580 2642 3617 ax·

1576 3656 1779 3693 cesst‘r.
1804 3655 2071 3692 ΜοΝΤΕΜ.
2096 3655 2373 3693 canunt.
2397 3657 2643 3693 occvra·

1574 3732 1690 3770 vt‘r·
1730 3732 1815 3769 ΕΤ.
1849 3732 1905 3768 Α.
1939 3731 2106 3768 nvca.
2137 3731 2261 3768 svo.
2294 3732 2515 3770 caeno.
2541 3734 2642 3771 rra

1573 3807 1957 3845 Arrnnnarvs.
1994 3805 2112 3844 Εετ.
2148 3807 2399 3844 uv‘m‘ro.
2448 3808 2503 3849 Q.
2539 3809 2641 3848 no·

1576 3884 1748 3920 ΜιΝΕ.
1786 3883 1932 3920 ΝΛΜ.
1983 3883 2173 3920 ΤνεοΕ.
2212 3883 2541 3921 mssa-Anna.
2576 3885 2639 3922 Et

1575 3960 1798 3997 NOMEN.
1876 3959 2047 3995 ERAT.
2109 3959 2223 3995 ITA·
2278 3958 2639 3998 APPELLATVS
2688 3968 2701 3985 ¹

1577 4037 1697 4074 ns‘r.
1721 4036 1815 4074 vr.
1838 4035 1984 4072 mxi.
2007 4022 2198 4074 Sciron.
2256 4023 2466 4073 Ocresioe
2485 4026 2643 4077 Fran.

1580 4099 1794 4148 Ocrecioe
1836 4097 2042 4148 Boeud.
2126 4099 2216 4148 Ee,
2242 4097 2402 4147 Retio
2460 4099 2639 4153 Hauu.

1578 4180 1791 4229 Ocu-etia
1805 4179 2037 4230 Gramm.
2061 4188 2117 4231 et
2135 4180 2366 4230 nonnulli
2384 4196 2448 4229 ex
2468 4183 2644 4233 editis.

1578 4260 1821 4322 Oct-entia
1864 4259 2016 4312 Leid.
2048 4263 2096 4312 1.
2133 4312 2144 4317 ,
2176 4258 2253 4311 Ao
2299 4259 2457 4311 Retio
2491 4261 2644 4314 Leid-
