3025 4934
606 354 1120 439 Αυκιειξνιοτ.
1169 387 1391 437 vtnoe
1439 385 1797 437 tnnus‘rm
1842 385 2007 435 car·
2055 384 2186 435 xv.

271 537 447 590 tratas,
474 532 518 582 si
544 532 657 582 Dis·
674 533 873 595 placat,
911 530 1126 595 exponit
1148 530 1341 583 Min-1·

271 611 396 671 lius,
416 612 432 638 ‘
453 609 659 660 scilicet
679 623 744 658 an
767 624 944 658 eornm
966 623 1219 660 consensu
1233 607 1341 659 fac-

2343 368 2478 434 527

1414 529 1758 581 Brassica-ns
1781 528 1951 579 locum
1977 529 2053 578 sic
2078 530 2477 593 interpretetur,

1416 613 1475 656 ut
1496 606 1729 668 lictores,
1747 605 1868 655 dum
1890 607 2302 664 concionentur,
2331 609 2477 658 abire

276 694 330 735 ta
350 685 557 736 deditio
580 694 723 734 esset
741 682 1130 735 confirmanda?
1164 684 1342 736 Quan-
1408 684 1712 748 jusserit‚in
1729 685 2133 736 Proverbiorum
2149 687 2445 751 Syr-mittis
2460 703 2476 735 ε

273 772 382 813 tum
416 773 501 813 est
537 762 676 814 bona
713 763 926 826 ingenia
951 775 1280 825 corrumpere
1301 760 1343 825 l)

276 840 434 891 Hanc
465 839 536 889 ob
570 852 805 889 caussam
838 840 1047 902 negatio
1071 835 1345 888 retinenda

275 915 395 966 fnit.
463 914 574 966 Sed
598 915 877 979 Tricipitini
908 929 1011 966 non
1046 928 1203 967 ausus
1231 929 1344 964 sum

277 992 546 1056 abjicer03
590 991 708 1057 quis
741 991 878 1040 enim
921 997 1140 1055 statuat,
1171 1004 1347 1040 errare

278 1084 379 1120 non
421 1069 655 1134 potuisse
703 1067 1010 1118 Victorem?
1052 1067 1110 1117 Si
1150 1067 1346 1117 veritas

279 1147 474 1211 ubique
517 1143 863 1208 scriptoribus
897 1143 1154 1194 vindicari
1186 1143 1347 1193 debe·

278 1228 380 1285 ret,
405 1220 690 1284 fficipitiai
706 1219 790 1269 bic
807 1229 955 1273 certe
971 1222 1138 1270 locum
1152 1220 1349 1270 babere

276 1313 381 1349 non
405 1305 606 1363 posset,
627 1310 744 1346 cum
767 1297 879 1359 ipse
908 1296 1181 1360 Poplicola
1198 1298 1251 1346 in
1273 1297 1348 1346 lo·

278 1390 395 1425 cnm
436 1372 739 1436 Tricipitini
760 1372 1029 1423 adsumtos
1054 1372 1123 1422 sit
1151 1374 1350 1424 consul.

277 1451 492 1500 Servius
531 1449 598 1498 ad
633 1449 780 1512 Virg.
804 1449 919 1498 AEn.
950 1463 1029 1500 vt.
1061 1453 1204 1499 8190·
1239 1449 1347 1499 Sed

279 1538 458 1576 errare
507 1525 708 1575 Nostro
763 1539 865 1575 non
909 1533 991 1577 est
1026 1523 1347 1590 infrequens.

280 1602 461 1655 Ars-12.

354 1674 521 1741 Velio]
575 1677 757 1739 Dicta,
810 1678 1046 1728 Varrone
1097 1683 1351 1741 testante,

279 1761 295 1786 ‘
318 1754 570 1821 quodibi
610 1756 805 1804 vellere
843 1755 1007 1803 lanam
1044 1755 1183 1804 soliti
1227 1761 1349 1805 sunt

281 1829 560 1896 pastores,’
582 1831 867 1896 antiquitus
900 1831 1035 1881 euim
1073 1832 1351 1895 vellebant,

281 1924 383 1960 non
403 1908 696 1959 tondebant
718 1924 858 1958 oves.
889 1909 1059 1959 Maeli.

344 1986 374 2051 §
397 1989 429 2035 8
472 1985 704 2048 Questus]
734 1984 991 2034 Oratione
1015 1999 1045 2035 a
1060 1984 1179 2034 Tito
1202 1983 1351 2034 Livio

283 2063 505 2126 scripta.
536 2059 707 2109 Maeli.

347 2135 568 2185 Immisit
599 2135 681 2198 qni
711 2134 897 2183 domnus
927 2132 1084 2197 atam]
1119 2135 1181 2183 L.
1202 2135 1350 2200 Bigi-

287 2214 404 2263 nius
429 2212 569 2261 libro
593 2211 764 2276 priore
789 2210 854 2259 de
874 2211 1011 2260 Viris
1029 2211 1199 2261 Claris
1216 2228 1231 2261 z
1251 2212 1267 2239 ‘
1286 2215 1349 2264 P.

287 2288 502 2338 Valerio
547 2287 722 2335 Volesi
752 2285 858 2334 filio
889 2285 1174 2349 Poplicolae
1209 2286 1352 2338 tedes

286 2364 528 2428 publicas
560 2361 658 2411 sub
689 2360 860 2416 Velia,
900 2361 986 2410 ubi
1023 2375 1156 2411 nunc
1194 2361 1354 2412 AEdes

285 2440 537 2491 Victoriae
561 2446 661 2496 est,
686 2439 904 2503 populus
938 2454 1004 2487 ex
1038 2439 1173 2503 lege,
1195 2453 1354 2503 quam

285 2516 402 2579 ipse
428 2515 650 2576 tulerat,
682 2515 940 2562 concessit
957 2512 991 2562 ι’
1027 2513 1159 2563 citat
1192 2513 1354 2567 Asco-

288 2596 405 2644 nius
428 2594 482 2642 in
505 2592 804 2642 Pisoniana.
839 2591 1028 2642 Senon.

298 2717 311 2727 ,
350 2673 379 2736 ς
402 2675 439 2721 4
473 2669 680 2720 Securos
698 2668 1092 2733 etiamfascibus]
1113 2669 1356 2721 Instituit

287 2748 470 2803 etiam,
486 2755 548 2795 ut
567 2746 828 2807 consules,
851 2761 967 2795 cum
994 2748 1352 2799 extranrbetn

289 2829 489 2879 essent,
510 2828 785 2871 uterentur
802 2821 1242 2881 securibus,intus
1268 2838 1355 2872 ve·

289 2913 346 2948 ro
369 2903 574 2947 tantum
592 2894 818 2946 fascibus
836 2906 1162 2948 ornarentur.
1185 2900 1354 2950 Maeli.

291 2975 556 3026 Secta-ibas
595 2979 645 3025 et
663 2973 887 3054 fascibus
919 2974 1149 3040 depositis
1184 2977 1363 3031 Haun.

290 3053 468 3102 Arntz.

356 3128 621 3192 concione]
644 3127 662 3156 ‘
683 3128 995 3178 concionem
1018 3126 1033 3149 '
1051 3128 1361 3193 orationem,

291 3207 483 3268 locum,
504 3215 558 3253 et
578 3204 962 3254 multitudinem
979 3205 1216 3260 dicimus,
1233 3204 1354 3254 Gel-

291 3282 358 3331 lio
390 3280 680 3334 scribente,
702 3279 869 3343 qualia
902 3291 934 3326 a
967 3276 1171 3327 Graecis
1202 3276 1357 3342 ἀγορὰ

294 3360 614 3407 nominatur.
646 3354 810 3402 Macte.

354 3433 630 3496 Submisitj.
712 3432 899 3483 Festus
963 3435 1360 3487 conventionem

295 3510 311 3537 ‘
344 3516 647 3562 contionem
679 3506 698 3531 '
762 3508 1158 3572 interpretatur,
1213 3508 1363 3575 quasi

297 3597 313 3619 ⁸
339 3587 534 3648 coitio;
559 3584 575 3608 ’
648 3584 785 3634 unde
833 3593 1041 3637 veteres
1087 3585 1211 3635 libb.
1266 3599 1362 3650 per

295 3666 404 3716 Tau
427 3663 691 3715 scribunt.
732 3663 947 3727 vulgati
967 3662 1126 3712 concio
1147 3677 1181 3712 a
1199 3663 1214 3690 ‘
1237 3676 1360 3712 con·

298 3741 442 3792 cino.⁹
505 3740 692 3790 Cicero
715 3738 779 3789 de
806 3739 1027 3804 Republ.
1047 3739 1139 3789 lib.
1163 3739 1363 3804 hapud

298 3819 532 3871 Nonium
556 3817 903 3868 Marcellum:
941 3824 957 3846 ‘
979 3815 1109 3866 Tum
1134 3816 1362 3867 instituti

299 3896 453 3945 annui
489 3893 750 3954 consules,
790 3903 899 3941 turn
933 3892 1149 3949 demissi=
1183 3892 1363 3956 populi

295 3969 499 4023 fasces-³
564 3971 666 4019 Est
687 3978 861 4019 autem
882 3968 1073 4019 fasceis
1098 3975 1113 3999 ⁶
1130 3969 1366 4019 summit·

300 4056 412 4099 tere
435 4047 452 4069 ’
486 4060 579 4096 scu
623 4053 638 4076 ‘
663 4044 986 4109 demittere,’
1030 4060 1096 4096 ea
1140 4046 1366 4109 insignia

300 4137 401 4174 non
423 4131 607 4173 erecta
624 4122 724 4191 ‘sed
746 4124 763 4149 ‘
783 4122 1010 4171 demissa
1031 4122 1044 4146 '
1068 4121 1192 4171 ferri
1204 4123 1363 4186 jube·

303 4213 392 4261 re;
420 4209 480 4250 nt
512 4206 667 4263 patet
699 4213 764 4248 ex
790 4198 950 4248 Plinii
981 4201 1221 4263 exemplo
1257 4213 1364 4252 vu.

303 4278 381 4325 30.
415 4274 484 4326 de
517 4276 616 4326 Cn.
651 4274 937 4340 Pompeio:
974 4275 1098 4326 licet
1131 4276 1178 4325 1.
1211 4274 1366 4329 Alex.

1418 759 1688 810 Conradus
1712 773 1835 810 vero
1853 760 1955 821 bic,
1974 762 2120 825 quasi
2143 763 2280 812 solos
2301 761 2478 814 fasces

1420 835 1617 922 absguo
1638 837 1906 887 securibus
1934 836 2007 886 illi
2027 839 2370 902 praetulerint,
2392 840 2479 890 cui

1420 922 1678 976 repugnat
1699 912 2038 976 Symmachus
2061 914 2354 966 Proefectus
2376 915 2479 965 Ur-

1420 987 1473 1039 bi
1495 989 1695 1038 Theod.
1722 988 1855 1051 Aug.
1888 996 1903 1018 ⁸
1921 990 2184 1040 Summisit
2208 991 2483 1054 Poplicola

1420 1065 1648 1115 contioni
1669 1065 1856 1115 civium
1880 1068 2203 1117 consularem
2228 1068 2447 1117 securim
2464 1084 2481 1114 ε

1420 1153 1475 1191 et
1497 1143 1706 1192 honoris
1732 1143 1809 1191 sui
1848 1143 2052 1192 culmen
2085 1142 2321 1206 infregit,
2344 1151 2401 1194 nt
2420 1144 2484 1192 li-

1421 1218 1679 1270 bertatern
1713 1220 1912 1270 civibus
1934 1221 2185 1285 erigeretz
2225 1235 2350 1286 ergo
2374 1236 2482 1271 mo·

1420 1295 1562 1345 ribus
1606 1297 1778 1361 potins
1818 1311 1969 1360 quam
2013 1298 2301 1362 insignibus
2343 1299 2483 1348 aesti·

1422 1369 1653 1422 memur.’
1718 1372 1789 1422 Et
1834 1373 2152 1424 Prudentius
2195 1374 2281 1440 (nt
2319 1373 2481 1439 poeta

1421 1460 1630 1512 quoqne
1669 1448 1953 1513 symbolam
1989 1444 2256 1513 conferat)
2296 1457 2482 1501 contra

1423 1523 1715 1586 Symmacb.
1739 1525 1773 1573 l.
1797 1538 1838 1574 1.
1874 1529 1891 1554 ‘
1916 1525 2165 1590 Martyris
2191 1532 2313 1575 sate
2344 1523 2484 1574 foces

1421 1600 1577 1651 Bruti
1607 1602 1933 1652 summittere
1968 1600 2159 1671 fasceis
2191 1601 2392 1664 Ambit,
2426 1608 2485 1652 et

1425 1675 1705 1727 Ausoniam
1729 1679 1934 1729 Christo
1949 1678 2202 1729 inclinare
2222 1677 2483 1728 securim.'

1426 1751 1545 1803 Nec
1568 1753 1689 1802 mibi
1721 1751 1889 1804 fraudi
1914 1753 1982 1803 sit
2013 1767 2188 1804 sacros
2208 1753 2389 1816 poetas
2410 1754 2488 1803 ci·

1425 1835 1558 1888 tare,
1583 1828 1719 1891 quod
1743 1828 2062 1879 Prudentius
2083 1830 2224 1894 apud
2246 1843 2328 1879 me
2351 1830 2487 1879 alter

1426 1903 1707 1961 Pindarus,
1743 1912 1801 1955 ut
1822 1904 2034 1955 Sidonio
2058 1905 2364 1968 Apollinari,
2382 1907 2452 1955 sit
2466 1920 2483 1955 ε

1424 1987 1481 2029 et
1501 1979 1789 2041 Paullinns,
1812 1981 1956 2044 qnasi
1991 1980 2302 2043 Propertius
2333 1983 2485 2038 alter.

1426 2056 1496 2107 ob
1531 2057 1844 2120 singularem
1882 2059 2134 2121 pietatem
2168 2065 2391 2123 ametur,
2429 2066 2488 2127 ct

1424 2130 1480 2182 in
1502 2133 1615 2183 sinu
1636 2131 1852 2184 feratur.
1874 2135 2075 2184 Scliott.

1492 2210 1574 2273 §5
1608 2210 1689 2261 De
1714 2211 2072 2275 provocatione]
2111 2212 2170 2262 si
2210 2211 2486 2278 magistra-

1429 2290 1511 2333 tus
1534 2286 1719 2350 aliquis
1756 2286 2045 2338 Romanum
2077 2303 2371 2354 quenquam
2409 2290 2486 2338 in·

1429 2359 1689 2420 terficere,
1725 2363 2093 2415 verberibusve
2128 2363 2355 2427 cedere,
2396 2372 2491 2415 ant

1428 2439 1679 2488 mulctare
1716 2440 1876 2490 vellet
1911 2441 2167 2505 pecuniis,
2194 2442 2351 2494 licere
2385 2443 2491 2491 nti-

1430 2530 1532 2575 que
1555 2518 1756 2579 privato
1779 2518 1853 2566 illi
1879 2520 1895 2546 ‘
1919 2532 1953 2568 a
1972 2519 2277 2582 magistratu
2304 2518 2371 2570 ad
2391 2534 2488 2581 po-

1429 2592 1606 2655 pulum
1632 2592 1950 2656 provocarc‚’
1983 2594 2193 2659 patique
2213 2609 2331 2644 eum
2355 2594 2490 2644 inte·

1429 2667 1524 2715 rim
1558 2682 1588 2715 a
1616 2668 1918 2732 magistratu
1953 2669 2096 2730 nihil,
2128 2670 2293 2720 donec
2326 2685 2489 2733 popu·

1427 2741 1507 2791 lus
1524 2740 1772 2809 suffragia
1787 2745 1852 2793 de
1875 2746 1963 2795 illo
1985 2744 2171 2797 ferret.
2206 2746 2368 2796 Mat-1⁸.
2404 2749 2490 2796 De

1429 2821 1798 2879 provocatione
1820 2828 1876 2871 et
1890 2820 2170 2882 libertate;
2192 2822 2374 2885 capita
2392 2821 2491 2872 illi·

1430 2907 1490 2941 us
1511 2894 1649 2954 apud
1676 2895 2054 2949 Liviumlibax.
2073 2897 2289 2961 Dionys.
2302 2897 2491 2947 lib-jv.

1429 2971 1577 3021 Plut.
1599 2973 1649 3021 in
1675 2974 1964 3037 Poplicola.
2029 2976 2209 3025 Valer-
2232 2976 2323 3024 lib.
2342 2988 2420 3024 tv.
2439 2992 2492 3025 c.

1431 3049 1478 3097 1.
1534 3056 1767 3100 exstant.
1834 3050 1974 3099 Hinc
2019 3050 2340 3112 Poplicolatn
2384 3051 2497 3100 dic·

1433 3131 1542 3174 tum
1578 3132 1634 3174 ct
1671 3125 1722 3175 bi
1757 3133 1811 3175 et
1841 3125 2020 3175 Livius
2059 3126 2152 3175 lib.
2186 3139 2277 3175 nt.
2324 3133 2489 3176 testes

1432 3209 1575 3253 sunt.
1609 3194 1866 3267 Dionysio
1882 3203 2037 3252 ctiam
2062 3203 2210 3267 qnasi
2227 3202 2494 3263 δημοκηδὴς

1432 3281 1624 3332 dictus.
1684 3280 1893 3333 Idcirco
1920 3282 2159 3345 Poplicola
2189 3295 2289 3331 non
2322 3281 2497 3330 Publi·

1431 3359 1535 3407 cola
1558 3358 1762 3422 scripsi,
1771 3358 2169 3409 assentientibus
2183 3369 2237 3410 et
2263 3358 2394 3410 Mas.
2415 3359 2491 3407 id-

1433 3449 1538 3500 que
1560 3449 1624 3486 eo
1647 3435 1910 3497 fidentias,
1923 3433 2061 3500 qnod
2075 3433 2328 3486 Quinctil.
2347 3450 2379 3481 o
2395 3449 2494 3501 pro

1433 3525 1468 3560 ιι
1500 3511 1824 3574 pronuntiari
1855 3511 2063 3561 solitum
2096 3507 2337 3571 affirmet,
2377 3518 2440 3560 et
2463 3525 2502 3573 p

1433 3596 1631 3637 mutam
1672 3597 1902 3649 tenuem,
1932 3600 2048 3639 cum
2082 3585 2255 3636 media
2286 3587 2333 3650 b,
2354 3600 2496 3650 sape

1434 3663 1760 3719 commutari,
1806 3672 1865 3712 nt
1900 3667 1918 3691 ⁶
1942 3659 2214 3726 poblicus'
2257 3661 2495 3712 dicerent

1434 3746 1492 3788 et
1542 3740 1848 3795 scriberent,
1902 3743 2003 3791 διο.
2088 3738 2230 3789 Hinc
2286 3738 2496 3804 quidam

1436 3820 1451 3843 ‘
1477 3814 1797 3864 Poblicolam
1822 3813 1837 3836 ’
1866 3814 2047 3868 edunt.
2114 3814 2294 3864 Livius
2320 3814 2410 3864 tib.
2433 3827 2498 3862 ιι.

1434 3896 1449 3919 ‘
1475 3889 1624 3941 Latae
1651 3891 1843 3941 deinde
1878 3891 2042 3954 leges,
2074 3891 2374 3955 qnae‚regni
2406 3905 2492 3938 sn·

1435 3967 1667 4032 spicione
1708 3968 1976 4017 consulem
2015 3965 2364 4021 absolverent,
2398 3967 2492 4015 sed

1435 4059 1553 4110 quae
1577 4043 1706 4094 adeo
1729 4042 2117 4103 incantus-ium
2153 4050 2416 4095 verterent
2439 4049 2499 4092 ut
2540 4077 2544 4081 -

1440 4122 1741 4184 popularem
1765 4118 2029 4169 facerentz
2064 4116 2185 4169 inde
2205 4131 2497 4182 cognomen

1436 4194 1637 4247 factum
1664 4195 1949 4260 Poplicola
1973 4194 2090 4246 est:
2152 4193 2311 4245 Libro
2334 4208 2423 4245 ιιι.
2441 4197 2497 4244 in

1436 4275 1655 4327 eandem
1677 4273 2007 4327 sententiam.
2040 4270 2351 4325 Plutarchus
2374 4285 2499 4351 qua-
