3025 4934
659 406 943 457 AUREI..
990 406 1187 454 Vffl‘l'.
1238 406 1334 454 DE
1388 403 1839 455 oAESARmUS
1886 404 2053 453 cAP.
2099 402 2266 453 xm.

421 551 587 612 Rufus
618 550 927 614 Volusianus]
955 550 1129 615 Rufius
1153 557 1298 600 recte
1319 550 1421 600 Ms.

353 630 496 693 quod
537 630 674 678 msle
704 636 873 677 mutat
912 627 1178 684 schottus,
1216 636 1273 676 et
1304 632 1424 690 post

353 721 478 755 etim
503 705 605 754 slii.
644 705 877 753 Zosimus
900 716 965 753 u.
989 705 1070 752 14.
1084 702 1260 752 Anus.

422 784 451 844 ᾧ
477 785 542 830 20
578 781 753 830 Nihilo
789 777 1001 841 segnius]
1041 779 1233 830 Jurare
1258 779 1425 843 liquet

349 856 509 905 nihilo
529 856 721 920 sequius
735 855 997 918 scripsisse
1015 854 1306 910 Aurelium,
1327 869 1423 916 pro

347 934 369 960 ‘
385 931 756 989 nibilominus,'
777 932 858 980 vel
902 931 918 959 ‘
939 945 1042 980 nou
1066 932 1230 980 minus
1252 928 1423 980 bene?

356 1009 535 1059 Livius
567 1009 657 1057 lib.
680 1022 742 1057 n.
769 1017 783 1037 ⁸
800 1007 1029 1070 Invitus,
1049 1007 1187 1070 quod
1211 1006 1422 1072 sequius

353 1084 449 1146 sit,
496 1083 564 1132 de
606 1084 736 1133 ¹meis
777 1083 977 1133 civibus
1022 1081 1276 1146 loquor:'
1326 1097 1422 1145 pro

351 1167 371 1213 ‘.
387 1161 559 1209 minus
584 1159 810 1211 bonum!
849 1160 1038 1209 δώσει.
1102 1159 1289 1212 Jursto
1311 1174 1421 1208 cre-

352 1235 492 1286 dunt
515 1236 841 1299 Sylburgius,
863 1236 1143 1297 Gruterus,
1166 1243 1221 1285 et
1251 1235 1422 1286 Anne.

351 1312 461 1361 Sed
481 1320 597 1362 tuto
619 1320 825 1376 poterat
845 1312 924 1360 vir
941 1311 1266 1361 doctissimus
1289 1312 1422 1360 illius

345 1388 696 1451 jurisjurandi
718 1386 874 1437 fidem
894 1388 1230 1451 interponere
1254 1388 1345 1436 tali
1368 1390 1421 1437 in

355 1480 439 1526 re,
476 1480 595 1515 cum
635 1465 855 1527 perjurii
891 1478 1046 1527 poens
1090 1464 1229 1527 apud
1281 1465 1420 1514 litte-

355 1558 531 1592 rarum
576 1544 806 1591 cultores
845 1542 1073 1591 nondum
1109 1541 1312 1604 legibus
1353 1541 1424 1590 sit

356 1621 664 1670 constitute.
730 1621 783 1670 N
788 1635 848 1670 oc
871 1628 1047 1676 tamen
1071 1620 1224 1669 aliter
1256 1621 1307 1668 in
1328 1632 1421 1682 op·

357 1700 504 1748 timis
563 1697 850 1762 quibusque
902 1697 1244 1759 scriptoribus
1287 1696 1420 1744 banc

362 1788 543 1825 vocem
591 1773 889 1825 mutandam
939 1787 1052 1821 esse
1098 1772 1267 1827 voluit,
1306 1771 1427 1821 Nic.

360 1851 614 1900 Heinsius
647 1849 712 1899 sd
750 1850 906 1899 Ovid.
945 1850 1084 1899 Met.
1120 1862 1184 1898 ιι.
1213 1852 1329 1897 809.
1364 1857 1423 1897 et

359 1927 575 1976 Cottius
603 1926 670 1976 ad
693 1926 908 1976 Sallust.
929 1926 1054 1987 Jug.
1093 1939 1140 1974 c.
1174 1930 1254 1974 75.
1286 1926 1314 1988 ξ
1339 1928 1419 1974 10.

361 2003 547 2052 Laudo
569 2005 707 2053 illam
726 2004 1065 2062 locutionem,
1079 2001 1170 2051 sed
1193 2002 1419 2050 nondum

358 2092 390 2126 s
416 2093 500 2127 me
522 2093 728 2140 possum
751 2081 1015 2141 inpetrare
1037 2085 1092 2126 ut
1116 2077 1300 2142 ubique
1323 2078 1422 2126 hoc

358 2157 690 2206 librariorum
731 2157 911 2206 vitium
956 2164 1012 2206 et
1055 2156 1420 2219 negligentiam

358 2248 479 2282 esse
501 2236 726 2296 culpem.
779 2234 951 2282 Livius
983 2246 1107 2284 vm.
1133 2237 1213 2281 18.
1274 2234 1290 2260 ⁸
1316 2233 1422 2280 Per

358 2309 764 2375 infrequentiam
787 2311 995 2361 comitia
1032 2311 1189 2359 nihilo
1212 2309 1420 2371 segnius

363 2387 681 2451 perficiunt?
717 2400 892 2437 xxxv.
915 2391 962 2437 8.
993 2387 1008 2414 ‘
1026 2387 1156 2436 Cum
1180 2392 1424 2449 pergeret

359 2464 524 2513 nihilo
546 2466 753 2525 segnius
789 2462 989 2512 referre
1026 2470 1084 2511 ut
1111 2462 1424 2524 supplicatio

304 2553 325 2561 ‘⁴
359 2540 772 2593 decerneretur)
809 2553 938 2590 xzv.
953 2542 1037 2587 10.
1065 2538 1213 2589 ‘Nec
1229 2553 1292 2588 eo
1309 2553 1422 2601 seg·

361 2618 482 2669 nius
517 2617 720 2680 judicia
764 2617 1087 2675 ex,decreto
1125 2631 1301 2666 corsm
1348 2615 1425 2664 his

358 2693 510 2743 facto
537 2695 706 2744 Rhodi
745 2692 1155 2744 exercebantur)
1223 2692 1424 2744 Scioil-

359 2772 469 2820 lom
498 2772 652 2819 etism
678 2785 856 2834 voceJn
881 2770 1151 2819 retinuisse
1172 2769 1424 2818 Burman-

361 2860 489 2894 num
521 2846 661 2910 apud
696 2845 856 2896 Ovid.
895 2846 1034 2895 Met.
1069 2859 1170 2895 vn.
1205 2850 1324 2897 770.
1371 2853 1427 2895 et

360 2924 489 2972 Val.
521 2923 765 2973 Flaccum
800 2922 997 2986 Argon.
1025 2935 1112 2972 ιιι.
1150 2926 1234 2971 86.
1268 2923 1426 2972 ‘Non

359 2999 578 3059 segnius
598 2998 684 3047 ille
710 2998 957 3061 Occupat
980 3012 1104 3048 srva
1126 2995 1308 3047 furor!
1372 2997 1427 3046 Si

356 3076 472 3123 hoc
499 3074 708 3123 admitti
743 3076 903 3138 possit
925 3075 978 3123 in
1013 3074 1172 3123 tantis
1204 3074 1428 3123 auctori-

361 3156 484 3213 bus,
510 3166 604 3201 cur
626 3152 679 3200 in
698 3151 914 3200 Aurelio
938 3151 989 3200 id
1028 3151 1153 3200 vitio
1193 3150 1430 3200 vertam?

358 3229 586 3278 Tacitus
610 3227 747 3277 Anu.
768 3241 846 3276 vr.
866 3231 947 3276 1³.
984 3234 999 3257 ‘
1015 3227 1199 3291 Neque
1220 3226 1431 3289 segnius

363 3306 610 3354 consules
627 3305 841 3353 edixere
861 3303 896 3353 τ’
927 3302 1015 3352 ubi
1040 3305 1197 3353 etism
1221 3303 1317 3353 sibi
1345 3318 1430 3352 vo-

361 3380 514 3431 lebat
546 3380 736 3443 sequius
773 3393 984 3442 magnus
1009 3378 1227 3441 Lipsius.
1286 3379 1432 3427 Dict.

367 3458 613 3506 Cretens.
641 3469 720 3504 ιν.
740 3459 823 3504 20.
869 3458 885 3482 ‘
909 3455 1085 3504 Facile
1103 3462 1254 3504 scuto
1273 3456 1430 3505 decu·

366 3533 532 3593 tiens,
550 3530 685 3580 haud
711 3530 919 3594 segnius
944 3529 1233 3579 inminere)
1286 3528 1432 3594 Apu·

363 3608 505 3656 leius
538 3606 693 3669 Apol.
717 3622 768 3669 p.
794 3610 909 3656 321.
964 3606 980 3631 ‘
1005 3607 1131 3654 Mox
1157 3613 1331 3655 tumen
1354 3616 1435 3656 ta·

367 3685 476 3733 lem
516 3682 758 3734 feminam
799 3683 958 3731 nihilo
1002 3682 1211 3745 segnius
1257 3683 1413 3732 volui.
1419 3682 1435 3705 ’

368 3759 475 3807 Sed
522 3760 590 3808 de
626 3759 711 3806 illa
751 3766 912 3807 aetste
956 3772 1106 3806 nemo
1150 3757 1434 3808 dubitabit.

374 3834 530 3885 Adde
551 3835 828 3884 Brantium
852 3834 916 3884 sd
942 3835 1137 3885 Caesar.
1159 3835 1292 3884 Bell.
1319 3836 1434 3886 Civ.

377 3925 440 3959 n.
462 3916 513 3961 7.
546 3910 723 3960 Arutz.

437 3987 563 4037 Jure
582 3986 793 4050 tandem]
830 3988 971 4049 Lege
991 3994 1185 4046 romem-
1217 4003 1285 4038 ex
1300 4002 1436 4038 com-

377 4063 585 4129 pendiis
607 4064 1068 4113 ustum-mendum.
1106 4064 1295 4114 Schott.

442 4139 608 4189 Tiberi
647 4138 935 4202 interceptus
971 4140 1066 4202 est]
1117 4141 1236 4190 Nou
1270 4141 1435 4189 minus

378 4224 523 4266 recte
556 4213 729 4264 forsan
763 4216 1118 4278 legerimusin
1139 4221 1439 4278 transgressu

381 4292 580 4341 Tiberis.
610 4291 759 4355 Sylb.
825 4293 1061 4356 cuperus
1095 4293 1160 4342 sd
1196 4292 1436 4347 Laetam.

2424 391 2560 457 755.

1497 550 1546 599 c.
1568 552 1652 599 44.
1723 549 1794 599 Et
1827 547 1893 599 de
1927 554 2163 611 temporo
2191 560 2296 613 quo
2331 549 2562 612 perierit,

1495 626 1742 676 Balnzius
1766 626 1829 675 sd
1845 626 2011 678 eund.
2032 641 2148 689 cap.
2172 625 2334 677 dicto.
2364 627 2540 679 Arata.

1565 705 1593 766 ς
1627 707 1692 752 24
1727 704 1991 753 Numerum
2025 702 2205 767 specie]
2263 703 2421 752 Forte
2455 717 2561 753 mu·

1495 792 1682 839 nerum,
1705 777 1841 842 quod
1867 779 2077 841 propius
2100 777 2166 829 sd
2186 776 2458 840 scripturae
2472 791 2561 827 ve·

1500 854 1627 902 teris
1665 854 1884 942 vestigia
1923 853 2154 916 accedit,
2193 867 2346 918 quum
2387 854 2562 902 Numi·

1498 944 1627 981 nuru.
1689 930 1794 979 Sed
1820 930 1863 978 si
1888 943 2150 985 munerum,
2181 930 2438 994 quomodo
2458 930 2559 992 prs·-

1497 992 1642 1057 mus?
1692 1006 1902 1057 Jussere
1948 1005 2122 1058 multis
2176 1011 2316 1054 retro
2358 1007 2563 1057 saeculis

1501 1082 1789 1145 Augustus,
1824 1083 2079 1146 Csliguls,
2116 1083 2226 1144 ulii,
2263 1091 2324 1132 ut
2368 1091 2561 1135 strenae

1499 1159 1621 1209 Kal.
1654 1160 1918 1211 Janusriis
1938 1159 2037 1208 sibi
2065 1157 2395 1209 offerrentur.
2430 1159 2565 1211 Sue-

1498 1236 1673 1286 tonius
1710 1236 1935 1287 Octsvio
1958 1251 2007 1286 c.
2030 1239 2115 1286 42.
2151 1236 2386 1300 Caligula
2408 1250 2456 1285 c.
2476 1239 2577 1285 67.-

1498 1311 1659 1375 &lxm
1680 1315 1857 1378 igitur.
1901 1314 2031 1363 Mox
2055 1312 2241 1377 optior-c
2262 1328 2358 1378 pro
2380 1313 2567 1377 aptiora

1498 1392 1632 1461 male
1676 1391 1725 1439 in
1767 1400 1877 1441 vet.
1909 1391 2002 1440 lib.
2038 1399 2096 1439 et
2129 1388 2267 1439 infra
2298 1390 2347 1440 vi
2392 1395 2568 1445 manet.

1499 1468 1704 1518 Scbott.
1739 1470 1999 1518 Manes-um
2022 1474 2195 1518 temen
2217 1466 2437 1530 praefert
2460 1467 2565 1519 Cu·

1498 1558 1610 1608 per.
1636 1543 1966 1597 udLactsnt.
1989 1559 2037 1593 c.
2057 1548 2142 1594 44.
2168 1543 2259 1592 sed
2284 1558 2379 1606 per
2400 1558 2463 1592 es
2484 1544 2564 1593 iu·

1498 1620 1690 1682 telligit
1728 1619 1898 1682 ludos,
1930 1620 2248 1682 spectaculo,
2269 1633 2383 1682 quae
2406 1618 2563 1670 edere

1497 1697 1875 1760 destinaverat,
1915 1711 2019 1759 quo
2067 1696 2271 1745 nomine
2313 1695 2558 1759 pecunias

1497 1772 1843 1833 corradebat3
1893 1772 2083 1822 nemini
2122 1786 2186 1821 ea
2220 1770 2371 1834 liujus
2409 1772 2558 1823 vocis

1495 1849 1805 1911 significatio
1827 1851 2005 1913 ignota
2021 1855 2197 1910 potest
2212 1861 2347 1897 esse.
2367 1846 2402 1899 J
2408 1861 2560 1897 uven.

1496 1924 1605 1974 Sat.
1628 1938 1717 1975 ιιι.
1736 1929 1819 1974 36.
1851 1931 1866 1953 ‘
1890 1925 2111 1974 Munera
2134 1937 2273 1974 nunc
2297 1923 2477 1980 edunt,
2499 1930 2560 1979 et

1497 2017 1649 2050 verso
1710 2003 1897 2064 pollice
1952 1998 2178 2065 vulgus.⁸
2253 1999 2423 2113 Specie
2473 2006 2558 2049 est

1496 2078 1837 2142 ‘praetextm'
1865 2078 2041 2128 Arutz.

1562 2157 1590 2219 ς
1624 2160 1689 2205 28
1728 2153 2063 2217 Constantina]
2098 2153 2202 2203 Alii
2228 2153 2560 2204 Constantiam

1499 2245 1531 2279 s
1572 2230 1881 2280 Constantio
1924 2231 2154 2280 Caesare.
2242 2228 2458 2279 Dictum
2504 2236 2561 2278 et

1498 2308 1857 2371 Nicephorium,
1871 2311 2005 2372 quod
2021 2309 2087 2359 ab
2101 2306 2401 2361 Alexandro
2413 2307 2567 2370 Meg·

1496 2401 1566 2434 no
1590 2386 1860 2436 conditore
1877 2387 2064 2446 insigni
2083 2386 2298 2435 victoris
2318 2385 2388 2434 ibi
2410 2393 2563 2447 perta

1496 2460 1713 2511 illustris
1736 2468 1893 2512 esset.
1958 2461 2180 2524 Plinius,
2209 2458 2422 2519 Strabo„
2444 2459 2567 2509 Ste-

1499 2537 1714 2601 phanus.
1798 2538 2002 2601 Templi
2055 2536 2203 2588 Jovis
2258 2535 2566 2598 Nicephorii

1500 2615 1695 2663 mentio
1738 2614 1876 2676 apud
1927 2615 2260 2677 spartianum
2308 2611 2606 2683 Adriaqu

1499 2697 1516 2719 ‘
1544 2689 1798 2739 Nisibena
1833 2687 2210 2745 Constantiua’
2245 2695 2464 2738 vocatur
2505 2689 2563 2736 in

1500 2766 1634 2816 libro
1669 2768 1755 2830 qui
1795 2768 2092 2817 inscribitur
2128 2767 2145 2795 ⁶
2187 2766 2392 2816 Notitia,
2435 2765 2567 2815 Pro·

1500 2842 1820 2892 vinciarum!
1886 2842 2074 2892 Strabo
2100 2857 2221 2893 vero
2252 2840 2398 2906 κύρτα
2420 2856 2514 2903 per
2536 2861 2567 2890 υ

1501 2923 1756 2984 scriptum
1799 2922 1973 2972 habet.
2036 2922 2190 2970 Virta
2229 2920 2298 2971 ab
2338 2920 2567 2971 Alexan-

1504 2998 1600 3047 dro
1621 3012 1825 3061 quoque
1846 2997 2113 3046 conditum
2131 2997 2377 3060 oppidum
2402 2999 2567 3045 uomi-

1504 3080 1662 3121 nstur
1697 3088 1728 3120 a
1763 3073 2075 3121 Marcellino
2109 3072 2200 3120 lib.
2215 3084 2323 3121 xx.
2375 3070 2567 3120 Schott.

1509 3148 1874 3197 Constantinam
1920 3147 2181 3199 Numidiae
2235 3148 2567 3209 metropolim

1506 3225 1742 3287 agnoscit
1758 3225 1913 3274 etism
1933 3224 1988 3273 8.
2003 3222 2346 3287 Augustinus,
2366 3233 2420 3272 et
2440 3223 2569 3272 Car-

1507 3302 1821 3363 thagiuensis
1869 3301 2089 3350 concilii
2144 3301 2396 3350 Oenones.
2430 3300 2568 3350 «Sed

1506 3386 1587 3426 est
1608 3378 1764 3427 etiarn
1787 3378 1889 3426 sliu
1921 3378 2288 3439 Constantius,
2312 3386 2369 3427 et
2390 3377 2570 3440 plures

1509 3455 1854 3512 Constantine,
1878 3462 1939 3505 ut
1964 3454 2121 3504 docet
2152 3455 2441 3505 Thesaurus
2465 3454 2574 3504 Or·
2599 3480 2605 3485 ·

1509 3533 1641 3582 telii.
1671 3531 1807 3596 Syll».
1870 3532 2091 3594 Lapsum
2122 3530 2355 3580 bicesse
2388 3530 2572 3580 Schot-

1508 3617 1640 3672 tum,
1677 3610 1799 3658 dum
1837 3609 1970 3658 hanc
1998 3608 2386 3658 Constantinam
2411 3607 2573 3658 Nice-

1509 3687 1725 3747 phorum
1751 3700 1867 3734 esse
1885 3684 2083 3735 dictam
2107 3685 2308 3741 scribit,
2327 3683 2576 3733 observat

1510 3761 1705 3823 Cuper.
1727 3760 1792 3809 ad
1816 3761 2055 3810 Lactsnt.
2079 3773 2197 3822 cap.
2215 3763 2299 3809 44.
2332 3759 2508 3808 Arutz.

1577 3838 1711 3886 cn.
1744 3849 1857 3884 xm.
1924 3838 1952 3900 ς
1991 3840 2018 3885 1
2052 3836 2117 3885 In
2155 3835 2377 3899 Italiam]
2417 3835 2573 3885 Male

1511 3911 1563 3960 iu
1588 3920 1693 3961 vet.
1718 3911 1808 3962 lib.
1842 3912 2028 3965 Schote-
2097 3911 2201 3969 Qui
2235 3910 2304 3959 ab
2336 3910 2449 3959 aliis
2490 3925 2574 3963 se-

1510 3995 1665 4045 cutus
1698 3988 1868 4038 edidit
1904 3990 1957 4036 in
2002 3988 2167 4036 Italia.
2234 3986 2337 4036 Sed
2385 3987 2573 4037 scimus

1512 4066 1681 4114 solere
1702 4079 1764 4113 es
1783 4063 2029 4113 confundi
2051 4063 2118 4112 ab
2138 4063 2334 4126 optimo
2356 4076 2577 4127 quoque.

1510 4141 1683 4191 ΑΜΖ.

1520 4256 1526 4263 .
1579 4216 1775 4265 Proeter
1793 4217 2041 4265 admodum
2059 4230 2236 4278 magua
2246 4214 2426 4277 cetera]
2460 4214 2575 4264 Foe-

1514 4291 1668 4342 datus
1685 4294 1851 4354 locus,
1866 4293 1940 4347 tta
1958 4293 2285 4356 purgandus.
2306 4290 2381 4344 illi
2396 4296 2576 4352 prater
2643 4337 2652 4348 ,
