3025 4934
659 417 943 468 Auum..
990 416 1190 467 vm'l’.
1237 414 1864 467 V1R.OS.12.1.us'rR.
1911 415 2078 466 CAP.
2124 415 2174 464 1.

313 559 385 608 nit
405 558 689 609 narrationi
713 559 942 609 Livianae
963 573 1003 608 r.
1021 563 1073 608 7.
1120 558 1369 609 Ceterum

312 636 432 683 lianc
453 635 520 684 ob
541 648 779 684 caussam
811 641 1015 684 sanctos
1048 633 1239 683 deinde
1259 648 1368 682 mu-

278 732 281 741 ·
314 723 390 761 ros
409 710 610 760 habitos
635 725 750 761 esse
774 725 878 760 non
902 712 1014 760 sine
1045 725 1229 760 caussa
1262 717 1367 760 sta-

313 793 456 839 tuunt
478 787 691 838 eruditi.
744 786 882 837 Vide
908 787 1116 836 Marcil.
1148 786 1216 836 ad
1237 787 1368 836 Inst.

312 861 374 911 de
407 865 524 913 Rer.
557 864 682 913 Div.
717 866 851 928 §lm
897 863 1120 914 Aleand.
1155 864 1221 913 ad
1257 863 1368 915 Caii

310 937 431 989 lust.
452 938 541 1003 lib.
565 954 631 989 η.
658 940 741 990 tit.
761 953 802 990 1.
824 942 852 1005 ᾗ
874 945 921 992 1.
944 946 999 990 et
1022 939 1278 989 Salmutb.
1299 940 1365 989 ad

310 1013 580 1066 Pauciroll.
613 1016 749 1067 Reb.
779 1015 1226 1081 Deponi-‚xxxin
1252 1019 1367 1066 112.

311 1090 476 1147 Amlz.

373 1167 659 1234 Τναπείῑαίε]
691 1168 972 1235 Agrippiu.
990 1169 1082 1221 lib.
1106 1168 1368 1218 transiluit.

310 1243 568 1296 Quomodo
588 1254 798 1297 veteres
831 1246 1007 1309 potius
1034 1244 1231 1301 dixisse.
1249 1258 1368 1294 unc·

310 1326 386 1369 tor
404 1321 695 1373 Diomedes
720 1322 957 1373 Gramm.
976 1336 1017 1372 r.
1052 1336 1119 1371 ex
1149 1321 1300 1372 Livio
1326 1333 1364 1370 1.

307 1399 352 1443 7.
393 1397 408 1424 ‘
432 1396 910 1455 Ludibrio‚fratris
948 1397 1164 1446 Remum
1206 1409 1368 1449 novos

306 1473 619 1523 transiluisse
660 1472 866 1533 muros)
917 1474 1064 1536 virg.
1112 1479 1128 1502 ‘
1152 1471 1367 1522 saluere

306 1562 393 1611 per
419 1547 603 1599 utres!
671 1549 842 1613 Idem,
869 1557 886 1580 ‘
910 1548 1130 1600 dissiluit
1163 1551 1367 1600 Turnus

304 1622 520 1689 bijugis-⁹
550 1625 745 1676 seleon.
806 1626 1068 1675 Transiluit
1090 1625 1249 1675 etiam
1273 1641 1366 1689 op-

303 1701 449 1751 timus
473 1701 651 1766 Lngd.
673 1710 728 1751 et
751 1703 837 1751 ed.
859 1701 1082 1756 Schotti,
1114 1708 1174 1750 ut
1207 1700 1368 1763 prisci

304 1777 577 1840 scriptores
603 1779 907 1842 loquuntur.
930 1779 1164 1842 quamvis
1194 1787 1366 1840 poste·

304 1853 515 1904 rioribus
583 1869 728 1919 saepe
787 1855 1131 1918 displicuerit.
1208 1854 1368 1904 ovid.

306 1928 438 1980 Fast.
458 1944 547 1981 m.
582 1935 670 1980 70.
715 1930 731 1958 ‘
759 1930 880 1980 Non
916 1938 1094 1980 tamen
1133 1930 1369 1994 expediit

307 2007 615 2056 transiluisse
666 2005 872 2056 Remo-⁹
929 2007 1071 2056 Fast.
1122 2019 1202 2056 w.
1251 2009 1368 2056 727.

305 2080 493 2132 ‘certe
532 2097 639 2147 ego
680 2083 917 2132 transilui
957 2083 1155 2146 positus
1196 2089 1278 2131 ter
1314 2082 1366 2132 in

301 2158 470 2209 ordine
493 2157 768 2210 flammas?
833 2160 904 2209 Et
924 2174 993 2208 ex
1017 2160 1173 2209 Pont.
1201 2161 1305 2224 Ep.
1324 2173 1368 2212 1.

302 2240 345 2283 6.
372 2239 451 2285 76.
498 2244 514 2267 ‘
539 2235 811 2288 Indicium
844 2237 1003 2285 studii
1041 2237 1369 2287 transiluisse

301 2311 428 2362 mei.’
491 2312 661 2365 Silius
695 2313 833 2362 Pun.
865 2327 938 2362 tv.
975 2317 1059 2364 70.
1094 2315 1211 2362 ‘En
1249 2327 1367 2376 age,

301 2389 380 2450 qui
414 2403 597 2440 sacros
631 2396 1128 2454 montesrupesque
1153 2380 1369 2453 profun-

300 2464 385 2514 das
405 2465 735 2516 Transiluit.'
785 2466 970 2515 Heius.
991 2467 1091 2515 alia
1114 2466 1181 2515 ad
1207 2464 1368 2517 Ovid.

299 2540 433 2591 Fast.
467 2555 556 2592 lv.
588 2545 705 2591 805.
741 2542 899 2591 Trist.
934 2556 1012 2593 ιν.
1041 2547 1092 2592 8.
1115 2547 1166 2592 8.
1199 2543 1366 2593 Grou.

301 2618 358 2667 sd
391 2619 585 2669 Senec.
619 2617 835 2683 Tiiyest.
871 2633 945 2668 vs.
977 2622 1092 2669 768.
1113 2619 1267 2668 Voss.
1301 2618 1366 2669 de

300 2694 444 2753 Anal.
463 2708 556 2746 1¹1.
574 2699 658 2744 33.
680 2695 858 2745 Burm.
876 2695 941 2744 ad
967 2694 1188 2746 Quintil.
1207 2695 1365 2744 Decl.

297 2783 355 2822 11.
385 2774 464 2824 21.
511 2781 566 2821 et
592 2785 668 2821 v1.
697 2778 748 2821 5.
782 2779 838 2821 et
871 2787 962 2821 nos
1000 2770 1095 2823 inf.
1133 2787 1249 2835 cap.
1281 2776 1365 2824 22.

302 2847 552 2898 Transiliit
576 2856 659 2898 est
681 2849 738 2912 in
759 2848 833 2898 H.
858 2848 1045 2914 reliqui
1078 2848 1365 2900 transilivit.

297 2924 479 2977 Arutz.

360 3000 554 3065 Celere]
598 3000 753 3051 Fabio
784 2999 936 3051 abest
969 3001 1022 3050 in
1061 3000 1364 3052 melioribus

299 3076 433 3126 libris
476 3085 537 3128 et
578 3078 711 3127 Mss.
756 3093 893 3129 omn.
939 3088 1171 3128 ceterum
1225 3077 1364 3128 unde

301 3153 511 3205 ‘Celer'
540 3155 714 3205 dictus
736 3156 821 3216 sit,
845 3154 1062 3204 ridicule
1085 3154 1365 3219 Philippus

299 3226 619 3281 Poucberius
645 3231 904 3295 interpres
939 3230 1194 3293 explicat,
1217 3231 1363 3294 quiesi

299 3305 545 3358 funebres
568 3308 715 3356 ludos
738 3313 793 3357 et
812 3307 1234 3363 viscerationem,
1247 3323 1364 3371 quae

301 3390 405 3434 tum
429 3383 573 3432 nulla
596 3393 770 3445 erant,
803 3384 818 3410 ‘
840 3382 1082 3433 celeriter
1100 3381 1115 3403 '
1149 3397 1366 3433 curave-

302 3459 398 3515 rit:
433 3458 574 3508 nnde
600 3460 798 3509 dictum
820 3467 1025 3509 constat
1049 3459 1222 3508 multis
1248 3466 1366 3522 post

302 3534 485 3584 seculis
521 3534 591 3586 Q.
615 3534 881 3584 Caecilium
915 3535 1191 3584 Metellum
1231 3548 1366 3585 anno

304 3622 532 3660 nexem.
569 3609 786 3674 ejusque
837 3610 1100 3673 Nepotem
1138 3622 1366 3662 ncxcvr.

305 3687 571 3737 Plutarch.
610 3686 750 3736 hunc
789 3701 820 3735 a
856 3687 874 3715 ⁴
898 3685 1091 3736 celeri’
1129 3702 1193 3736 ex
1240 3702 1365 3749 agro

304 3761 490 3813 Latino
515 3764 566 3813 in
588 3763 852 3812 Etruriam
876 3762 998 3827 suga
1026 3763 1101 3812 sic
1134 3765 1365 3827 appella·

301 3844 403 3889 tum
428 3841 523 3890 eit.
590 3839 728 3888 Vide
761 3846 817 3888 et
846 3841 899 3888 in
921 3839 1049 3888 Vita
1089 3839 1367 3897 Coriolani,

307 3914 388 3965 ubi
422 3917 491 3966 de
525 3917 674 3966 Rom.
706 3915 1016 3966 nominibus.
1047 3915 1233 3967 Schott.
1299 3917 1367 3967 In

309 3991 415 4042 aliis
453 3992 574 4043 edd.
608 4000 689 4043 est
720 3992 876 4042 Fabio
911 3993 1095 4054 Celere,
1130 3993 1223 4042 sed
1262 3991 1366 4057 pri-

308 4081 442 4119 orem
467 4084 647 4120 vocem
671 4085 788 4120 cum
811 4069 1047 4134 schotto,
1062 4070 1240 4120 delent
1258 4086 1366 4122 om-

313 4156 397 4192 nes
420 4146 602 4196 nostri.
636 4146 818 4197 Arntz.

372 4223 548 4289 Eutro]
585 4225 672 4274 De
707 4231 884 4287 rastro,
907 4223 1068 4273 verba
1099 4224 1209 4288 ipsa
1233 4225 1363 4273 Var-

314 4299 439 4348 ronis
463 4314 674 4365 ponam,
706 4301 795 4364 De
820 4300 1021 4367 Lingua
1054 4301 1170 4353 Lat.
1204 4303 1220 4329 ‘
1241 4301 1364 4352 Hir-

2374 396 2508 464 479

1445 556 1590 622 pices
1622 557 1803 620 regula
1834 565 1954 607 eum
1988 554 2221 619 pluribus
2243 554 2507 613 dentibus,

1446 649 1619 698 quam,
1640 635 1763 684 item
1793 640 1854 682 ut
1888 634 2200 696 planstrum,
2225 632 2382 682 bov’es
2404 640 2509 683 tra·

1443 709 1592 770 hunt,
1625 718 1686 759 ut
1722 712 1910 759 eruant
1944 723 2059 774 qure
2096 709 2149 757 in
2189 715 2330 759 terra
2365 716 2507 760 sunt.

1443 787 1670 849 Sirpices
1694 791 1878 849 postea
1901 783 2123 834 detritas
2144 798 2174 833 s
2195 783 2507 849 quibusdam

1445 862 1590 914 dicti.
1656 862 1894 924 Ruteni,
1941 867 2000 911 ut
2053 860 2299 924 hirpices.
2343 875 2506 913 serra
2551 920 2564 929 ,

1444 938 1617 989 laeve's.
1680 938 1868 1004 Itaque
1910 938 2062 987 homo
2103 936 2155 987 in
2200 937 2362 1001 pratis
2406 951 2507 1002 per

1441 1015 1713 1066 foeniseciu
1752 1029 1816 1065 eo
1853 1013 2081 1064 festucas
2122 1013 2361 1065 abradit:
2400 1028 2507 1079 quo

1445 1092 1632 1142 abr-asu
1664 1091 1862 1141 rastelli
1893 1090 2042 1140 dicti.
2108 1090 2305 1154 Rastri,
2324 1091 2509 1157 quibus

1444 1167 1743 1219 dentalibus
1783 1167 1991 1231 penitus
2024 1166 2248 1216 eradunt
2291 1174 2507 1227 terram,

1444 1252 1605 1308 atque
1640 1250 1851 1301 eruunt,
1882 1258 1913 1292 a
1943 1252 2054 1308 'quo
2093 1242 2308 1292 rutabra
2339 1242 2510 1294 dicti}

1444 1319 1635 1383 virgil.
1654 1321 1708 1369 in
1727 1320 1924 1382 Georg.
1957 1325 1975 1350 ⁸
1990 1320 2218 1369 Multum
2241 1319 2375 1369 adeo
2398 1334 2508 1373 res-

1445 1397 1543 1448 tris
1573 1397 1753 1461 glebas
1774 1397 1862 1462 qui
1891 1395 2088 1459 frangit
2109 1397 2322 1451 inertes.
2343 1397 2509 1455 Vimi-
2531 1408 2534 1409 ’

1442 1488 1671 1538 nessqne
1693 1473 1852 1524 trehit
1876 1480 2065 1533 crates,
2077 1471 2230 1535 juvat
2252 1487 2395 1537 arva,
2415 1488 2508 1527 ne-

1441 1564 1545 1615 que
1565 1549 1749 1611 illum,'
1770 1552 1869 1599 &c.
1936 1548 2043 1599 Alii
2067 1548 2286 1598 Remum
2309 1549 2362 1598 in
2385 1563 2505 1603 cou-

1440 1629 1676 1677 tentione
1698 1626 1902 1691 augurii
1924 1641 1958 1675 a
1978 1625 2243 1674 Romuleis
2272 1626 2509 1679 satelliti·

1440 1703 1539 1753 bus
1575 1704 1801 1754 occisum
1843 1704 2042 1753 volunt.
2086 1702 2316 1752 Madian.
2397 1703 2507 1753 Pro

1438 1784 1600 1829 rastro
1620 1778 1827 1843 quidam
1850 1777 1976 1828 libri
1999 1783 2133 1828 rutro
2167 1778 2396 1830 habent:
2437 1778 2507 1830 de

1440 1869 1544 1917 quo
1566 1855 1734 1904 Varro
1769 1855 1836 1903 de
1872 1854 2024 1917 Liug.
2060 1855 2266 1916 Latina,
2298 1855 2392 1904 lib.
2427 1869 2508 1905 xv.

1442 1931 1631 1987 Festus
1652 1939 1708 1981 et
1730 1931 1950 1981 Nonius.
1982 1930 2173 1980 Graece
2206 1931 2407 1993 κρῶπιον
2428 1932 2506 1982 di-

1441 2006 1598 2056 citur.
1627 2066 1630 2071 ‚
1660 2007 1816 2058 Varr.
1845 2005 1951 2071 περὶ
1985 2006 2156 2070 ἀρχῆς.
2188 2010 2205 2036 ‘
2230 2007 2327 2057 Cui
2351 2008 2508 2059 Celes

1441 2082 1714 2145 Antipatri
1758 2083 1921 2134 Stoici
1977 2082 2111 2132 filius
2158 2089 2300 2133 rutro
2346 2091 2509 2147 caput

1440 2157 1749 2222 displanatz’
1778 2160 1843 2208 ad
1869 2174 2020 2224 quem
2044 2160 2211 2208 locum
2235 2159 2358 2209 vide
2376 2161 2509 2218 Tun·
2615 2206 2618 2209 ,

1440 2235 1562 2286 neb.
1587 2236 1816 2289 Advers.
1836 2250 1981 2287 xvn.
2013 2240 2096 2288 23.
2128 2243 2185 2287 et
2208 2237 2509 2293 victorium

1442 2325 1621 2362 xxur.
1655 2319 1706 2363 6.
1749 2313 1962 2364 Eusehii
1999 2327 2207 2379 quoque
2244 2313 2512 2378 interpres

1442 2388 1509 2437 D.
1535 2389 1885 2455 Hieronymus
1921 2390 2150 2440 Remum
2174 2388 2333 2440 fuisse
2356 2405 2387 2439 a
2409 2391 2506 2440 Fa-

1442 2463 1530 2514 bio
1556 2465 1760 2515 Romuli
1782 2465 1916 2515 duee
1939 2464 2169 2515 occisum
2206 2465 2281 2514 ait
2320 2467 2336 2495 ‘
2359 2475 2509 2519 rutro

1443 2541 1728 2605 pastorali?
1793 2542 1950 2592 Libet
1974 2541 2056 2592 hic
2079 2542 2131 2590 ἐν
2155 2542 2375 2606 παρέργῳ
2399 2544 2512 2597 Na-

1441 2619 1578 2667 sonis
1595 2617 1802 2668 edferre
1820 2621 1988 2669 locum
2007 2626 2191 2683 quarto
2210 2621 2510 2678 Fastorum,

1441 2701 1501 2743 ut
1540 2694 1921 2745 emendandum
1959 2695 2088 2745 vidit
2123 2695 2360 2747 Valerius
2398 2698 2507 2746 An-

1440 2768 1594 2818 dreas
1639 2771 1803 2834 Belga
1840 2770 2113 2821 eruditus:
2163 2771 2326 2823 ‘Nec
2362 2787 2510 2823 more

1442 2847 1724 2904 transiluit,
1768 2854 1911 2897 retro
1954 2849 2126 2897 Celer.
2153 2856 2377 2912 occupat
2417 2863 2508 2896 au-

1439 2937 1553 2972 sum
1572 2921 1609 2971 :²
1639 2937 1834 2988 repone
1854 2929 1991 2973 rutro
2018 2926 2173 2974 Celer.
2218 2924 2355 2974 Vide
2380 2925 2506 2982 Dio-

1440 3013 1555 3062 nys.
1576 2999 1666 3048 lib.
1690 3013 1753 3049 11.
1776 3001 1863 3064 qui
1902 2998 2106 3062 σκαφίον
2125 2999 2251 3064 παρὰ
2269 2999 2329 3048 τὸ
2350 2999 2506 3051 σκάπ-

1437 3092 1539 3123 τειν
1560 3077 1812 3139 appellat.
1848 3075 2033 3126 Schott.
2085 3078 2243 3141 Vulg.
2265 3078 2301 3125 l.
2323 3083 2510 3127 rastro:

1438 3152 1533 3201 sed
1576 3158 1713 3203 rutro
1750 3152 1946 3202 habent
1990 3154 2147 3203 etiam
2192 3154 2506 3205 membrana

1440 3229 1690 3280 Eusebii:
1737 3230 2062 3295 eandemque
2103 3231 2382 3281 lectionem
2421 3246 2505 3282 se·

1439 3306 1529 3371 qui
1573 3307 1781 3357 videtur
1828 3308 1986 3356 etiam
2035 3307 2161 3359 Sex.
2199 3308 2514 3372 Pompeius,

1439 3382 1559 3432 dum
1598 3383 1778 3433 scribit
1812 3391 2010 3433 rutrum
2046 3384 2269 3434 tenentis
2292 3383 2506 3447 juvenis

1439 3459 1662 3524 effigiem
1707 3475 1826 3510 esse
1867 3461 1922 3508 in
1962 3460 2257 3524 Capitolio=
2313 3474 2375 3510 ac
2419 3475 2506 3517 ru·

1441 3544 1578 3587 trum
1613 3537 1749 3588 idem
1781 3539 1965 3587 Festus
1999 3536 2386 3587 denominatum
2407 3537 2507 3602 sig-

1439 3613 1620 3663 nificat
1641 3615 1706 3662 ab
1743 3613 1975 3663 eruenda
2009 3615 2158 3663 humo
2192 3628 2281 3662 seu
2316 3628 2510 3665 arenas

1439 3690 1576 3739 sicut
1599 3697 1655 3739 et
1683 3690 1832 3739 Dion.
1857 3691 1979 3740 Hal.
2014 3689 2220 3752 σκαφίον
2252 3692 2508 3754 appellat,

1439 3769 1521 3814 74.
1553 3770 1636 3814 42.
1666 3765 1793 3829 παρὰ
1823 3769 1882 3814 τὸ
1916 3764 2164 3831 σκάπτειν,
2199 3783 2231 3816 a
2258 3767 2511 3826 sodmdo.

1440 3842 1821 3892 Verumtamen
1859 3854 2028 3892 rastro
2060 3857 2265 3908 quoqne
2293 3843 2503 3891 humum

1439 3918 1595 3969 effodi
1619 3921 1843 3984 solitam,
1868 3920 2024 3969 docet
2059 3922 2109 3968 in
2143 3920 2354 3969 Nerone
2377 3921 2504 3971 Sne·

1440 4004 1547 4045 ton.
1571 4010 1623 4044 c.
1638 4000 1718 4045 19.
1752 3996 1923 4059 Supra
1945 4004 2220 4060 utrumque
2240 4009 2334 4058 per
2356 3995 2504 4044 dubi·

1439 4074 1691 4121 tationem
1731 4074 1956 4136 ponitur,
1991 4074 2006 4102 ‘
2034 4081 2178 4120 rutro
2215 4073 2295 4120 vel
2332 4080 2502 4121 rastro

1438 4147 1609 4198 fertur
1632 4148 1871 4198 occisus.'
1903 4148 2039 4212 Syzb.
2087 4149 2172 4197 Sic
2196 4158 2340 4196 recte
2364 4140 2510 4198 hunc'

1437 4226 1610 4275 locum
1658 4224 2001 4274 emendarunt
2039 4224 2132 4272 viri
2172 4223 2342 4278 docti.
2381 4226 2503 4274 licet

1439 4317 1618 4354 omnes
1677 4303 1842 4365 nostri
1908 4309 2217 4366 repugnent.
2305 4299 2502 4352 Confer
