3025 4934
535 394 667 460 594
1176 415 1185 432 2
1231 401 1453 455 Now
1497 401 1907 453 van-tonum
1957 399 2042 454 tri

542 555 662 604 dem
685 548 951 617 gregarius
972 547 1118 601 miles
1148 546 1245 606 sed
1271 555 1447 598 tamen
1470 559 1602 597 tuer-

541 629 674 679 cede
695 626 1000 677 conductus.
1067 623 1522 689 Carthaginienses
1549 637 1604 672 e-

541 708 647 756 nim
670 706 807 754 inter
821 717 939 754 suas
955 701 1132 767 copias
1152 701 1346 752 babere
1366 701 1606 751 solebant

541 797 779 846 maguam
862 780 1300 832 mercenariorum
1378 792 1602 830 manum·

543 862 704 911 Corn·
740 861 923 950 Nepos
962 859 1188 908 Hamilc.
1221 873 1268 908 c.
1297 863 1348 908 2.
1382 860 1401 887 ⁶
1420 857 1604 906 Primo

542 934 852 988 mercenarii
885 935 1096 995 milites,
1122 936 1207 998 qui
1232 933 1478 983 adversus
1501 933 1604 981 Ro·

541 1029 724 1065 manos
758 1012 987 1074 fuerant,
1023 1007 1385 1060 desciverunt?
1430 995 1604 1058 Livius

545 1104 712 1141 xxvt.
725 1092 808 1140 43.
824 1088 888 1137 de
909 1085 1450 1149 Carthaginiensibus.
1467 1084 1606 1134 ‘Hic

541 1166 768 1232 pecunia
800 1164 963 1215 omnis
1000 1163 1240 1218 hostiurn.
1254 1163 1367 1211 sine
1390 1175 1491 1226 qna
1513 1175 1605 1209 nc-

543 1258 645 1309 que
669 1243 744 1291 illi
767 1256 948 1306 gerere
974 1239 1166 1292 bellurn
1197 1244 1432 1302 possunt,
1456 1237 1605 1302 qnip-

539 1333 611 1384 pe
632 1318 721 1383 qui
746 1316 1093 1368 mercenarios
1130 1315 1393 1365 exercitus
1425 1311 1606 1363 aluut.·'

542 1408 725 1445 xxvtt.
747 1400 798 1443 5.
821 1394 909 1443 lib.
933 1405 1147 1442 xxvm.
1169 1406 1323 1455 capp.
1343 1395 1425 1439 30.
1447 1399 1502 1439 et
1518 1393 1604 1440 44.

540 1472 734 1522 Rarius
756 1472 854 1521 hoc
878 1469 1094 1519 Romani
1128 1467 1374 1517 fecerunt
1405 1474 1462 1517 et
1493 1468 1603 1531 qui·

542 1548 661 1612 dem
688 1547 908 1611 primum
945 1546 1082 1595 bello
1117 1545 1320 1595 Punico
1357 1543 1608 1592 secundo.

540 1605 689 1688 Epit.
706 1622 964 1673 Liviilib.
986 1635 1151 1671 xxiv.
1187 1619 1604 1670 Porro-deXan

541 1701 725 1764 tbippo
746 1698 869 1765 quid
893 1697 1051 1747 fuerit
1072 1712 1187 1746 nou
1199 1696 1442 1745 convenit
1466 1696 1606 1745 inter

541 1777 845 1839 scriptores.
876 1774 1012 1823 Vide
1035 1773 1238 1823 Fabric.
1261 1771 1327 1822 ad
1342 1772 1502 1822 Oros.
1525 1786 1605 1822 tv.

541 1856 594 1902 9.
628 1858 684 1900 et
723 1850 922 1901 Duker.
962 1849 1029 1898 ad
1071 1848 1212 1898 Flor.
1256 1861 1320 1897 u.
1363 1852 1412 1896 2.
1456 1850 1484 1912 §
1525 1851 1609 1897 22.

541 1928 722 1979 Amtz.

606 2008 636 2070 ξ
659 2008 691 2054 4
725 2002 960 2066 Legum]
994 2000 1103 2052 Alii
1127 2000 1362 2050 scribant
1384 1999 1513 2048 dnos
1532 1998 1604 2049 ie-

542 2087 687 2145 gatos
706 2080 775 2130 de
798 2078 1149 2144 permutandis
1166 2075 1395 2140 captivis
1408 2075 1607 2124 missos.

541 2159 709 2209 Maca.

609 2236 690 2286 De
721 2233 1050 2299 permutandis
1071 2230 1305 2297 captivis}
1333 2193 1603 2281 Videndus

543 2312 655 2362 cie.
671 2311 722 2360 in
742 2301 897 2359 offic.
916 2317 1051 2359 extr·
1068 2309 1102 2356 l.
1119 2322 1205 2357 ιιι.
1227 2309 1279 2356 in
1296 2306 1604 2368 Paradoxis,

543 2394 600 2436 et
645 2388 697 2434 in
732 2386 1000 2439 Pisonem.
1029 2383 1146 2433 Liv.
1193 2382 1339 2446 Epir.
1358 2383 1395 2430 l.
1435 2394 1604 2432 xvm.

541 2461 827 2525 Eutropius
848 2460 940 2510 lib.
959 2473 1023 2509 ιι.
1046 2459 1168 2510 Val.
1191 2460 1336 2508 Max.
1357 2472 1398 2507 ι.
1425 2462 1470 2507 1.
1496 2457 1604 2521 Ap·

542 2541 729 2603 pianus
749 2547 804 2587 et
826 2537 1061 2601 Agellius
1095 2549 1173 2587 vt.
1203 2540 1255 2585 4.
1291 2536 1495 2604 diverse
1528 2544 1605 2584 ta-

543 2629 665 2666 men
698 2629 766 2665 ex
802 2616 1078 2665 Tuberone
1119 2620 1174 2663 et
1209 2612 1483 2662 Tuditano.
1518 2613 1604 2661 De

541 2691 712 2757 poetis
729 2692 886 2741 Silius
900 2691 991 2741 lib.
1005 2704 1089 2740 vt.
1103 2696 1155 2740 et
1171 2687 1418 2738 Horatius
1434 2687 1605 2736 Carm.

543 2769 637 2819 lib.
656 2783 742 2819 ιιι.
760 2767 988 2831 eleganti
1009 2766 1107 2815 oda
1125 2770 1176 2814 5.
1191 2771 1246 2814 et
1271 2763 1341 2812 ibi
1365 2762 1602 2825 pluribus

545 2845 692 2896 Laev.
714 2843 1035 2895 Torrentius.
1069 2842 1255 2892 Schou.
1323 2841 1510 2890 Cicero
1535 2838 1603 2888 de

545 2919 661 2977 Off.
680 2935 720 2970 ι.
743 2924 822 2971 12.
847 2927 903 2969 et
924 2917 1193 2969 claudian.
1214 2915 1345 2965 Bell.
1365 2914 1507 2965 Gild.
1530 2929 1604 2963 vs.

544 3002 626 3049 ¹18.
656 2998 834 3050 Amtz.

613 3076 816 3124 Romam
849 3073 1043 3138 missus]
1078 3072 1225 3121 Bene
1256 3069 1434 3130 habet,
1466 3068 1605 3133 quod

545 3152 819 3217 deperdito
838 3153 903 3201 T.
921 3151 1054 3201 Livii
1088 3150 1285 3198 Punico
1321 3146 1473 3201 bello,
1499 3146 1602 3194 Po·

543 3230 714 3294 lybios
738 3229 963 3293 scriptor
985 3227 1315 3291 gravissimus
1348 3222 1495 3271 nobis
1525 3236 1604 3271 re·

542 3307 737 3356 lictnss
771 3306 814 3354 is
848 3305 939 3353 lib.
974 3318 1021 3352 ι.
1048 3310 1170 3351 ante
1208 3298 1418 3349 Metelli
1445 3298 1605 3347 victo·

546 3387 699 3447 riam,
731 3384 1008 3447 'Regulum
1059 3382 1075 3408 ‘
1101 3380 1317 3429 Romam
1365 3375 1608 3423 missum’

547 3463 653 3513 aits
701 3460 838 3510 idem
873 3459 1007 3509 Livii
1042 3456 1284 3519 Epitome
1315 3452 1406 3502 lib.
1442 3465 1607 3502 xvru·

546 3536 853 3589 confirmare
917 3534 1153 3592 videtui-3
1224 3529 1360 3595 quod
1424 3542 1607 3578 moneo

545 3619 766 3678 propter
808 3624 896 3660 eos
940 3609 1028 3673 qui
1070 3608 1252 3656 Fastos
1297 3602 1607 3654 Consulares

548 3688 901 3751 digesserunt:
960 3683 1033 3733 Hi
1059 3683 1195 3732 euim
1219 3681 1382 3730 victos
1414 3680 1607 3729 Poenos

549 3764 601 3813 id
628 3762 813 3814 fecisse
846 3759 1129 3823 affirmant,
1156 3772 1290 3807 anno
1320 3769 1439 3806 ιοιι.
1474 3756 1609 3806 Arn-

547 3846 675 3891 tzon.
1532 3832 1544 3841 ‘

618 3912 1215 3975 Conditionmdissuast’e]
1249 3910 1504 3960 Asserens
1521 3924 1607 3959 ve·

547 4007 737 4041 uenum
773 3992 1139 4055 temporarium
1161 4006 1189 4038 a
1211 3988 1608 4050 Carthaginien-

548 4069 691 4118 sibus
706 4068 803 4118 sibi
826 4066 1025 4130 datum,
1047 4074 1107 4116 ut
1129 4065 1445 4130 permutatio
1468 4063 1609 4112 nulla

547 4144 717 4195 fleret.
749 4145 914 4193 Mache

614 4222 852 4285 Refer-tis]
892 4224 907 4249 ⁴
924 4220 1166 4283 Rejicere
1184 4216 1197 4238 ⁹
1221 4224 1304 4267 est
1318 4215 1608 4280 morbosum
1666 4260 1672 4265 .

544 4299 766 4365 aliquid,
783 4311 844 4349 ac
864 4298 1147 4361 displicens
1168 4294 1431 4357 ablegare.
1475 4289 1609 4341 Inde

1679 560 1804 596 oves
1828 545 1845 574 ‘
1873 542 2083 596 rcicnloe
2100 542 2116 567 ’
2135 541 2312 593 dictu.
2341 539 2512 593 Maelo.
2675 571 2679 575 Δ

1745 617 2034 681 Regressus]
2082 619 2204 669 Non
2248 619 2460 680 ignarus
2501 614 2570 665 ad
2612 629 2737 681 qnos

1678 695 1914 746 crudeles
1953 695 2126 745 hostes
2172 700 2544 745 reverteretur.
2575 692 2742 743 Maelo.

1678 773 1814 825 Haec
1859 771 2021 822 verba
2060 777 2181 821 sunt
2206 770 2327 820 Val.
2364 768 2661 832 Maximi-1.
2693 772 2746 818 1.

1679 864 1763 899 ex.
1801 853 1882 900 14.
1914 849 2010 899 ubi
2029 856 2204 898 tamen
2226 846 2367 896 varie
2390 845 2610 908 legitur,
2634 843 2742 893 “in-

1678 923 1839 974 festos
1860 923 2056 985 hostes,
2089 921 2307 972 infestos
2329 923 2498 983 Deos,
2522 919 2743 970 infestos

1678 1000 1906 1050 Poenos!
1970 998 2111 1051 Quid
2151 998 2195 1047 si
2242 996 2513 1061 scripseris
2540 991 2745 1055 infestas

1674 1080 1871 1139 poeaasi
1904 1075 2090 1125 Arntz.

1744 1154 1920 1203 Arcam
1972 1148 2209 1213 ligneam]
2254 1146 2505 1202 Historia
2562 1146 2764 1210 Gellii,-

1678 1227 1879 1277 Valerii
1903 1234 1957 1277 et
1976 1225 2237 1277 Ciceronis
2258 1223 2411 1288 hujus
2436 1223 2746 1287 patientias·
2775 1235 2778 1238 '

1679 1305 1821 1356 miris
1865 1303 2100 1353 laudibus
2149 1316 2211 1351 ac
2257 1299 2534 1364 p'raeconiis
2575 1301 2745 1350 extol-

1678 1378 1828 1439 luut;
1863 1379 1947 1427 ubi
1972 1377 2266 1430 Gellianum
2302 1372 2431 1423 illud
2466 1387 2572 1422 non
2606 1379 2745 1424 tace-

1635 1461 1644 1465 ‘
1679 1452 1771 1517 bo,
1807 1453 2030 1518 positum
2068 1466 2188 1501 esse
2217 1450 2272 1500 in
2309 1464 2436 1498 vase
2462 1450 2743 1501 muricibus

1678 1530 1740 1595 (i.
1770 1546 1823 1579 e.
1843 1527 2086 1594 lapillis‚)
2104 1527 2300 1588 acutis,
2319 1539 2412 1576 sen
2436 1524 2626 1575 ferreis
2648 1522 2743 1574 stis·

1665 1605 1847 1669 'mulis‚
1888 1606 2068 1669 quates
2120 1606 2243 1653 sunt
2285 1597 2447 1666 spinae
2490 1600 2744 1652 muricum

1678 1683 1935 1747 pisciumz
1988 1680 2371 1744 augebaturque
2416 1673 2744 1728 interdiu‘as-

1678 1760 1814 1810 ciem
1856 1758 2120 1808 oculorum
2165 1755 2455 1817 defatigare
2490 1754 2545 1804 in
2586 1754 2743 1802 radiis

1678 1834 1929 1885 solaribus
1949 1831 2476 1899 perpendiculariter'
2464 1831 2743 1893 mspicien

1680 1911 1802 1972 dis;.
1824 1918 1983 1964 noctu
2022 1924 2147 1959 vero
2186 1922 2253 1958 ne
2284 1906 2552 1962 dormiret,
2578 1905 2743 1969 pervi-

1678 1989 1802 2051 gilio
1826 1985 2208 2049 exagitabatur.
2239 1983 2406 2032 Maeli.
2455 1983 2656 2033 Seneca
2678 1984 2745 2033 de

1678 2065 1868 2128 Trauq.
1916 2062 2091 2113 Animi
2113 2077 2159 2112 c.
2184 2060 2313 2109 15.ι
2336 2059 2444 2108 Aut
2467 2058 2747 2122 Regulum,

1583 2167 1588 2174 ·
1678 2141 1825 2205 quod
1843 2148 1923 2189 tot
1946 2140 2108 2189 clavis
2138 2134 2451 2199 configitur.’
2515 2136 2588 2185 Et
2623 2149 2744 2200 qnae

1681 2219 1829 2281 plura
1866 2217 1935 2270 de
1968 2216 2204 2265 dissensu
2236 2218 2522 2261 anctorum·
2542 2224 2746 2274 poenatn

1681 2296 1824 2344 illam
1871 2292 2063 2357 Reguli
2109 2288 2429 2340 narrantium
2482 2287 2746 2349 collegere

1680 2372 1798 2432 viri,
1816 2370 2001 2435 quibus
2027 2382 2229 2417 mecum
2252 2364 2418 2414 multa
2438 2359 2635 2412 debent
2657 2362 2746 2411 lit-

1680 2456 1829 2503 terae,
1876 2441 2241 2504 Drakenb.,ad
2282 2440 2378 2490 Sil.
2413 2453 2492 2489 vt.
2532 2442 2649 2490 539.
2688 2445 2747 2488 et

1681 2524 1925 2574 Duker-us
1965 2522 2030 2571 ad
2065 2522 2205 2571 Flor.
2242 2531 2310 2568 ιι.
2346 2520 2397 2565 2.
2429 2517 2457 2581 §
2489 2519 2573 2565 23.
2623 2530 2748 2565 cnm

1681 2600 1893 2664 Coqueo
1916 2597 2236 2660 adAugust
2246 2594 2312 2643 de
2332 2592 2446 2642 Civ.
2464 2591 2565 2640 Dei
2598 2604 2640 2640 ι.
2665 2593 2750 2646 15.

1679 2678 1858 2727 Arntz.

1744 2751 1909 2815 Actis]
1928 2748 2145 2815 vulgati
2164 2745 2365 2797 adactis·
2387 2743 2594 2794 Schott.
2639 2744 2750 2793 Aa·

1679 2832 1808 2882 uotis
1849 2839 2023 2880 tamen
2066 2839 2243 2877 omnes
2285 2821 2469 2885 scripti
2514 2826 2570 2870 et
2596 2818 2750 2882 editi,

1680 2924 1779 2959 uec
1800 2909 1905 2957 nlla
1927 2905 2212 2955 mutatione
2236 2914 2366 2963 opus
2389 2904 2488 2948 est.
2544 2896 2751 2946 Seneca

1682 2986 1749 3036 de
1775 2986 1902 3036 Vita
1921 2987 2087 3035 Beata
2107 2995 2157 3031 c.
2181 2983 2262 3029 19.
2299 2984 2312 3006 ⁶
2333 2975 2396 3025 Iu
2433 2989 2562 3039 quas
2590 2988 2750 3023 unus-

1683 3063 1895 3127 quisque
1920 3067 2152 3111 vestrum
2166 3057 2338 3107 clavos
2358 3067 2477 3103 suos
2501 3053 2615 3115 ipse
2638 3052 2750 3102 adi·

1682 3139 1800 3204 git!
1832 3139 2007 3190 Amita-

1750 3215 2087 3277 Cn».x1.1.§
2110 3215 2139 3262 1
2166 3206 2336 3270 Caius]
2356 3171 2625 3256 Hactenus
2649 3204 2749 3260 Qu.

1683 3306 1982 3358 praenomen
2023 3289 2146 3346 fuit,
2186 3300 2287 3351 quo
2331 3281 2538 3333 nornine
2580 3279 2748 3329 frater

1685 3370 1799 3421 Caii
1825 3368 2138 3432 appellatus,
2158 3362 2253 3427 qni
2280 3357 2570 3423 insequenti
2610 3370 2747 3405 anno

1683 3447 1864 3497 fratris
1886 3445 2202 3496 consulatum
2227 3437 2457 3503 excepit,
2481 3449 2564 3483 an.
2587 3446 2748 3486 luxu.

1683 3525 1878 3574 Mirum
1893 3535 2018 3586 ergo
2034 3532 2137 3568 non
2155 3523 2256 3571 cst,
2271 3514 2314 3563 si
2330 3518 2421 3561 aut
2437 3518 2747 3572 temporum,

1686 3610 1776 3650 aut
1790 3601 2057 3649 literarum
2079 3597 2142 3644 c.
2156 3593 2285 3649 etQ.
2299 3588 2606 3654 cognatione
2623 3584 2749 3636 falsi

1684 3678 1789 3727 siat
1812 3677 1897 3726 vel
1920 3674 2131 3734 librarii,
2148 3672 2230 3719 vel
2254 3667 2428 3731 potius
2449 3672 2635 3736 auctor
2665 3662 2750 3727 ip-

1684 3768 1759 3810 se.
1774 3752 1907 3817 quod
1921 3752 2007 3801 uni
2021 3748 2194 3797 omnia
2206 3746 2440 3803 tribuat·
2442 3754 2559 3790 cum
2562 3717 2749 3788 tamen

1685 3830 1920 3894 plerique
1953 3828 2197 3877 Romanas
2222 3821 2300 3869 rei
2329 3819 2612 3881 scriptores
2641 3815 2749 3864 vic·

1686 3906 1869 3956 tot-iam
1902 3911 1957 3952 et
1995 3898 2311 3961 triumphum
2342 3894 2578 3942 navalem
2603 3892 2747 3950 Caio,

1685 3996 1867 4047 pacem
1895 3993 2015 4030 vero
2031 3977 2197 4026 Poeuo
2219 3974 2391 4021 datam
2407 3968 2635 4022 Quincto
2659 3967 2747 4016 ad-

1683 4054 1934 4114 scribant,
1950 4053 2038 4119 qui
2062 4059 2115 4100 et
2137 4052 2202 4099 de
2232 4046 2441 4098 Faliscis
2465 4044 2745 4109 triumpha·

1685 4135 1784 4189 vit,
1806 4141 1865 4182 ut
1881 4128 2239 4191 Triumphales
2262 4122 2480 4173 Tabulae
2504 4119 2744 4183 prodide-

1686 4218 1825 4259 runt.
1858 4208 2013 4258 Corn.
2030 4206 2210 4266 Nepos
2232 4199 2386 4250 etiam
2403 4196 2453 4246 in
2473 4195 2741 4256 Amilcarts

1683 4287 1791 4337 vita
1816 4284 1993 4336 Caium
2007 4281 2267 4334 nominat.
2279 4289 2379 4341 quo
2402 4270 2743 4333 confidentius
