3025 4934
494 363 627 433 512

499 532 611 576 sete
662 528 839 575 textus
883 528 1057 574 tamen
1101 522 1297 574 nnllam
1339 521 1564 571 varieta-

496 611 605 653 tem
627 600 862 665 proefert.
897 600 1143 651 schottus.
1200 599 1417 662 vulgati
1443 597 1567 647 libb.

500 678 772 729 Pometiam
802 676 1059 728 Hetruscis
1094 676 1297 740 eripuit,
1332 663 1423 723 sed
1454 675 1566 724 Vol·

497 754 594 804 sois
615 767 734 804 cum
756 753 1026 803 veteribus
1048 753 1176 802 libb.
1195 753 1384 821 probat
1407 753 1566 800 etiam

501 832 713 882 Coruin.
732 845 849 896 sup.
870 835 987 882 878.
1007 834 1090 881 26.
1119 838 1175 880 et
1208 830 1388 880 Livius
1413 829 1502 878 lib.
1528 842 1568 878 ι.

499 907 639 972 sylb.
675 908 845 958 Secum
869 907 1043 959 Haun.
1067 907 1302 958 Gramm.
1322 914 1376 956 et
1399 905 1570 968 Lugd.

497 990 551 1037 2.
603 985 802 1036 Suesam
836 984 1042 1035 Boend.
1089 985 1232 1035 Male
1266 983 1334 1032 de
1370 984 1570 1034 Nostro

497 1069 620 1112 sunt
636 1063 831 1119 meriti,
851 1061 1056 1127 quibas
1084 1075 1242 1110 voces
1276 1060 1570 1110 distinctio-

497 1153 568 1192 ne
602 1153 633 1189 a
663 1142 1067 1203 se⁴separarunt
1115 1138 1353 1200 Saeuam,
1399 1136 1569 1185 Pome-

495 1216 638 1280 tiam,
693 1230 812 1265 cum
858 1216 1140 1278 conjuncte
1199 1212 1436 1275 legendae
1491 1226 1570 1261 es·

497 1301 635 1343 sent.
697 1291 834 1342 Vide
857 1291 1074 1341 Gruter.
1106 1289 1171 1339 ad
1206 1290 1350 1339 Flor.
1374 1301 1418 1338 1.
1439 1291 1486 1338 7.
1512 1295 1570 1339 et

498 1369 692 1420 Cellar.
724 1370 775 1418 in
812 1368 1006 1430 Geogr.
1043 1367 1169 1419 Ant.
1204 1379 1266 1416 11.
1298 1371 1348 1416 9.
1414 1365 1570 1414 Cete-

498 1448 612 1496 ‘rum
636 1446 860 1496 Etr-tucis
880 1444 1142 1509 recipiunt
1163 1445 1277 1493 siue
1308 1443 1409 1492 ulla
1432 1442 1569 1492 vari·

499 1528 645 1575 etate
667 1537 844 1573 omnes
863 1522 1048 1571 nostri.
1118 1521 1362 1570 Fortasse
1384 1519 1571 1570 Victor

497 1599 630 1650 hanc
650 1599 857 1650 Suessae
871 1597 1281 1661 descriptionem
1304 1596 1478 1646 hausit
1501 1608 1569 1644 ex

498 1675 778 1740 antiquiori
812 1676 1087 1738 scriptore,
1122 1674 1214 1740 qui
1246 1673 1480 1733 Volscos,
1512 1677 1570 1723 et

499 1767 599 1816 per
612 1765 937 1816 consequens
953 1749 1214 1807 Suessam,
1229 1749 1367 1798 inter
1381 1747 1572 1797 Etrus·

499 1843 590 1880 cos
644 1826 971 1890 numerabat,
1010 1841 1128 1876 cum
1172 1825 1390 1875 Volscos
1444 1825 1568 1875 olim

500 1904 764 1968 subjectos
799 1902 962 1953 fuisse
985 1902 1208 1967 imperio
1229 1903 1567 1952 Etruscorum

499 1981 690 2032 scribit
708 1980 860 2031 Serv.
880 1981 948 2030 ad
971 1979 1159 2042 virgil.
1176 1979 1309 2028 ·AEn.
1342 1992 1426 2029 ιι.
1451 1982 1568 2028 567.
1593 2008 1596 2011 -

497 2056 605 2108 Sed
638 2071 757 2107 cum
785 2056 907 2119 jam.
935 2064 1058 2105 ante
1085 2055 1359 2105 schottum
1388 2053 1571 2105 Volscis

498 2131 614 2182 sine
635 2130 791 2189 dubio
813 2146 881 2181 ex
906 2132 1036 2180 Mos.
1068 2130 1120 2179 in
1152 2136 1454 2181 contextum
1487 2143 1567 2179 re-

497 2209 704 2271 ceperit
725 2207 1064 2262 Machaneus,
1086 2206 1245 2257 malui
1279 2219 1367 2255 eos
1403 2205 1569 2270 sequi,

500 2283 639 2348 quod
677 2282 991 2346 posteriores
1014 2283 1175 2332 etiam
1196 2281 1435 2331 fecerant
1457 2281 1567 2330 edi-

499 2365 662 2409 tores.
695 2359 874 2408 Arntz.
1342 2394 1347 2401 .
1374 2380 1377 2383 ·
1450 2350 1458 2360 ⁸
1554 2383 1560 2391 ·

567 2436 805 2486 Sbnulalo
856 2431 1167 2496 transfugio]
1218 2435 1355 2484 Nam
1408 2432 1567 2489 filius,

500 2511 718 2562 consilio
772 2525 890 2560 cum
945 2518 1097 2573 patre
1163 2509 1565 2572 communicato3

499 2584 789 2649 transfugit
800 2585 1026 2648 saucius,
1041 2583 1451 2648 verberatusque
1465 2585 1566 2634 vir·

499 2663 598 2727 gis,
630 2663 880 2726 sanguine
913 2663 1117 2725 plenus,
1147 2662 1411 2712 simulavit
1443 2676 1501 2710 se
1536 2675 1568 2711 a

498 2746 657 2804 patre
675 2737 1004 2789 verberatum
1021 2755 1054 2785 zv
1070 2737 1294 2802 benigne
1315 2745 1565 2801 acceptus

499 2815 711 2865 demum
754 2815 864 2865 dux
905 2815 1030 2864 belli
1075 2816 1298 2877 legitur-z
1345 2815 1568 2867 duxerat

501 2899 675 2942 autem
698 2893 888 2941 multos
913 2894 1117 2957 equites
1133 2892 1389 2941 Romanos
1412 2906 1566 2942 exsu-

498 2968 578 3017 les
593 2966 920 3031 tyrannidem
941 2967 1126 3032 fugere
1143 2968 1389 3017 simulans
1408 2984 1422 3018 ε
1450 2976 1565 3017 tan·

500 3042 618 3092 dem
655 3050 713 3093 re
736 3041 965 3092 Gabinia
997 3043 1052 3091 in
1090 3050 1353 3107 potestate
1386 3042 1566 3093 habita

496 3119 736 3170 nuntium
756 3128 963 3170 secreto
984 3135 1101 3170 cum
1126 3121 1291 3175 literis
1312 3121 1565 3177 misit,cui

500 3195 629 3244 nihil
662 3201 816 3258 pater
849 3195 1141 3259 respondit,
1172 3196 1263 3246 sed
1299 3197 1564 3246 cacumina

498 3284 820 3335 papaverum
842 3270 1076 3334 disjecit=
1112 3286 1217 3337 quo
1238 3270 1385 3333 signo
1407 3272 1564 3323 intel-

496 3347 631 3399 lexit
665 3347 841 3411 capita
874 3347 1381 3411 primorum‚civium
1421 3358 1564 3399 trun·

499 3423 691 3474 canda.
722 3423 888 3473 Maeli.

564 3500 646 3563 §3
680 3499 858 3565 Locos]
892 3501 1202 3552 Emendatio
1237 3500 1352 3550 haec
1386 3516 1415 3551 a
1448 3502 1565 3552 Me·

499 3575 692 3627 diolan.
714 3577 807 3628 lib.
827 3584 939 3627 est:
974 3578 1117 3628 locus
1151 3579 1285 3627 enim
1321 3575 1459 3628 foede
1496 3577 1565 3628 ab

499 3653 914 3703 emendatoribus
943 3654 1324 3704 contaminatus
1349 3655 1563 3704 circum-

498 3726 788 3791 ferebatur,
812 3743 930 3778 cum
960 3740 1155 3793 praeter
1191 3731 1265 3779 rei
1290 3731 1565 3781 veritatem

495 3806 630 3856 lacus
651 3806 890 3870 legerent
910 3808 1050 3871 vulg.
1067 3805 1195 3856 libb.
1218 3821 1424 3856 omnes..
1448 3807 1565 3857 Me-

497 3885 597 3934 lius
635 3887 764 3935 Mss-
805 3885 982 3935 Ludos.
1046 3886 1196 3935 Locos
1229 3892 1399 3936 autem
1438 3895 1564 3950 puto

498 3962 814 4025 appellasse,
857 3976 985 4024 quos
1031 3962 1208 4011 Livius
1253 3963 1365 4025 ipse
1405 3963 1565 4023 soros,

496 4035 554 4087 id
577 4045 679 4100 est,
700 4037 854 4086 ‘loca
875 4038 1175 4100 spectandis
1196 4038 1561 4090 ludist'abrica-

499 4111 591 4164 ta.'
657 4113 817 4162 Lucas
853 4115 906 4162 in
942 4115 1084 4165 circo
1119 4114 1331 4167 fuerunt
1353 4116 1565 4182 quidem

500 4187 638 4237 alter
675 4189 861 4253 major,
883 4191 1025 4240 alter.
1051 4192 1249 4256 minoi-3
1281 4194 1371 4242 sed
1407 4194 1565 4257 longo

499 4271 621 4328 post
663 4273 898 4330 tempore
942 4266 1135 4323 effossi.
1204 4270 1429 4334 Dionys.
1472 4270 1564 4321 lib.

1193 380 1412 430 1⁴01·AE
1465 377 1875 427 VARIORUM
1924 378 2003 426 nt

1635 534 1725 577 tu.
1760 518 1949 571 Senon.
2018 518 2125 570 Pro
2158 519 2309 571 Iaces
2340 519 2541 583 vulgati
2574 518 2704 571 libii.

1635 597 1828 646 habent
1849 595 2025 645 Lam.
2093 598 2211 646 Duo
2234 599 2364 646 Μαι.
2384 597 2562 647 Ludos.
2614 597 2704 648 Au

1635 672 1760 721 iocos
1781 673 1944 735 magis
1965 673 2194 732 accedit,
2216 672 2352 736 quod
2385 674 2543 723 Dion.
2573 673 2701 723 Hal.

1636 752 1754 798 246.
1779 753 1861 797 24.
1881 749 2067 797 scribit
2087 749 2421 814 Tarquinium
2443 749 2529 798 τὸν
2562 748 2701 799 ἱπό-

1636 825 1803 886 δρομον
1830 823 2071 874 παστάσιν
2091 824 2377 886 ὑποστέγοις
2407 827 2700 889 reparans&

1638 902 1692 951 id
1727 909 1830 963 est,
1861 902 2182 953 circumtecti-s
2206 901 2470 966 porticibus
2498 902 2701 952 ciram

1634 979 1833 1042 plexum
1884 993 1999 1028 me.
2039 978 2277 1043 Sylbnrg.
2336 1002 2340 1009 ·
2364 980 2483 1029 Nec
2538 979 2705 1029 nostri

1639 1054 1974 1104 conveniunt.
2035 1055 2219 1104 lactan
2268 1055 2472 1105 Boend.
2521 1055 2706 1106 *Latus

1639 1130 1793 1181 Fran.
1845 1130 2003 1181 Lacus
2027 1130 2173 1180 Leid.
2192 1135 2243 1180 2.
2295 1131 2449 1180 Foras
2468 1131 2523 1179 in
2542 1132 2706 1181 Lacus

1638 1204 1764 1255 cim»
1799 1206 1948 1255 Leid.
1983 1210 2029 1256 1.
2051 1220 2136 1255 -ex
2179 1207 2707 1268 more-librariorum,

1640 1281 1729 1347 qni
1767 1296 1907 1346 sape
1944 1282 2205 1331 variantes
2242 1283 2497 1333 lectiones
2533 1283 2707 1332 solent

1640 1357 1923 1420 geminare,
1946 1364 2002 1406 et
2034 1367 2305 1423 utramque
2339 1357 2623 1422 adponere,
2642 1366 2706 1409 ut

1638 1432 1840 1485 habeat.
1853 1433 2021 1482 lector
2042 1433 2271 1497 eligendi
2293 1435 2515 1499 copiam.
2562 1435 2705 1487 Vide

1640 1509 1858 1559 Salmas.
1880 1508 1945 1557 ad
1967 1509 2108 1559 Flor.
2125 1522 2167 1559 1.
2190 1514 2273 1561 18.
2313 1513 2342 1575 §
2374 1516 2423 1562 2.
2452 1520 2508 1562 et
2547 1527 2597 1561 c.
2615 1514 2706 1563 22.

1639 1588 1743 1651 §10
1776 1585 1923 1637 Duk·
1956 1585 2022 1634 ad
2059 1598 2124 1636 11.
2160 1590 2240 1636 16.
2270 1590 2300 1652 §
2323 1591 2372 1636 8.
2406 1588 2610 1639 Victor.
2638 1588 2706 1637 ad

1641 1661 1897 1711 Cicer-ad
1920 1663 2066 1711 Fam.
2086 1663 2187 1727 Ep.
2213 1676 2302 1713 111.
2327 1667 2378 1713 8.
2408 1672 2464 1712 et
2491 1664 2704 1726 passim.

1642 1739 1832 1803 Neque
1856 1738 2069 1789 dubium
2092 1740 2211 1800 erit,
2229 1739 2354 1803 quid
2381 1739 2706 1803 potissimum

1640 1829 1708 1865 ex
1730 1815 1872 1865 bisce
1888 1815 2089 1864 duobus
2109 1815 2426 1878 eligendum,
2440 1830 2556 1866 cum
2569 1817 2711 1877 soros
2743 1804 2748 1813 ’

1644 1889 1796 1943 facile
1829 1890 2083 1956 praeferet
2115 1892 2179 1949 is,
2197 1892 2284 1957 qui
2319 1893 2523 1943 Livium
2545 1907 2587 1943 1.
2621 1898 2707 1944 56.

1640 1983 1865 2034 unquam
1906 1969 2225 2033 inspexerit:
2284 1972 2513 2035 ‘Foros,’
2558 1972 2734 2033 dicia.
2811 1956 2820 1971 ⁸

1641 2053 1657 2076 ⁶
1672 2047 1726 2099 in
1737 2047 1896 2097 Circo
1914 2045 2202 2104 faciendos,
2215 2047 2548 2112 cloacamque
2566 2063 2709 2098 max-

1639 2123 1796 2173 imam
1829 2124 2220 2186 receptaculum
2254 2125 2480 2174 omnium
2516 2139 2730 2189 purga-¹

1641 2205 1935 2255 mentorum
1967 2199 2123 2249 Urbis
2167 2199 2265 2248 sub
2310 2209 2505 2249 terram
2551 2214 2707 2264 agen-

1641 2275 1798 2326 dam!
1842 2278 2028 2326 Festus
2048 2278 2099 2325 iu
2122 2277 2346 2327 ‘Forum
2363 2276 2398 2327 ι’
2430 2278 2579 2328 ‘Furi
2603 2278 2708 2341 sig·

1640 2351 1851 2402 nificant
1877 2352 2145 2402 Circensia
2164 2355 2489 2417 spectacula,
2504 2369 2570 2404 ex
2595 2355 2712 2418 qui-

1639 2432 1737 2482 bus
1774 2433 1935 2483 etiam
1968 2433 2193 2482 minores
2226 2432 2426 2483 forulos
2456 2433 2712 2483 dicimus.’

1640 2510 1930 2562 Adeundus
1966 2512 2342 2562 Chimentellus
2384 2514 2450 2563 de
2489 2513 2707 2564 Honore

1641 2589 1754 2639 Bis.
1773 2603 1821 2638 c.
1844 2591 1925 2638 20.
1956 2603 2010 2652 p.
2031 2592 2180 2638 2104.
2212 2590 2387 2639 Amtz.

1710 2665 1929 2714 cloacam
1951 2663 2233 2727 minuam]
2258 2665 2344 2714 De
2363 2666 2539 2714 cloaca
2563 2678 2704 2715 max·

1641 2743 1744 2793 ima
1765 2742 2063 2793 Gronovius
2079 2742 2144 2791 ad
2168 2743 2290 2801 Sen-
2311 2744 2443 2793 Exc.
2459 2743 2707 2793 Controv.

1641 2817 1864 2870 Proefat.
1887 2832 1977 2868 ιιι.
1996 2833 2051 2883 p.
2068 2823 2188 2869 ³428.
2209 2819 2296 2869 ed.
2316 2820 2442 2884 maj.
2472 2818 2649 2870 Arntz.

1710 2895 2000 2960 Quiritium]
2037 2895 2283 2952 Quiritum
2320 2903 2403 2945 est
2441 2895 2510 2945 in*
2534 2895 2705 2945 tribus

1642 2971 1797 3022 codd.
1818 2986 2006 3035 nempe
2028 2979 2251 3037 utroque
2284 2972 2557 3022 modaitio
2595 2971 2705 3022 for-

1641 3054 1816 3098 matur
1848 3048 2128 3113 genitivus,
2151 3063 2326 3098 verum
2365 3048 2550 3112 optimi
2589 3064 2705 3114 pas·

1641 3123 1737 3173 sim
1762 3124 1891 3173 Mss.
1930 3123 2199 3180 Quiritium
2236 3126 2454 3184 malunt,
2478 3139 2577 3175 nec
2610 3123 2705 3173 fal-

1641 3201 1755 3251 lunt
1776 3201 1872 3250 bac
1894 3201 1946 3251 in
1970 3196 2337 3265 parte-poetae.
2391 3201 2579 3252 Horat.
2601 3201 2707 3251 Od.

1641 3292 1682 3329 1.
1706 3283 1756 3328 1.
1783 3286 1799 3308 ‘
1820 3279 1999 3336 Hunc,
2021 3279 2064 3329 si
2089 3278 2352 3328 mobilium
2385 3279 2541 3329 turba
2577 3279 2706 3330 Qui-

1641 3355 1814 3405 ritium
1838 3356 2023 3405 certat
2056 3356 2364 3420 tergeminis
2397 3358 2581 3406 tollere
2613 3356 2706 3405 ho·

1640 3431 1889 3481 notibus?
1954 3433 2027 3482 Et
2067 3434 2207 3483 alibi.
2275 3432 2591 3484 conferatur
2624 3433 2706 3483 si-

1642 3521 1765 3572 gon.
1794 3506 1861 3556 ad
1902 3509 2015 3559 Liv.
2051 3523 2089 3559 ι.
2119 3513 2201 3560 33.
2270 3511 2358 3560 Sic
2391 3508 2508 3573 ‘jus
2531 3509 2707 3560 Quiri·

1640 3583 1796 3635 tinm'
1818 3591 1993 3634 notum
2030 3587 2319 3650 praesertim
2350 3601 2417 3635 ex
2452 3587 2706 3638 sotorum

1637 3660 1806 3713 libris.
1851 3662 1966 3719 Cic.
1988 3676 2083 3725 pro
2097 3663 2240 3715 Caec.
2259 3677 2305 3712 c.
2320 3667 2401 3712 33.
2418 3665 2435 3692 ⁸
2448 3663 2553 3714 Qui
2568 3664 2706 3711 enim

1640 3739 1948 3802 potestjure
1964 3739 2248 3790 Quiritium
2266 3739 2400 3790 liber
2410 3754 2525 3789 esse
2543 3740 2608 3802 is,
2619 3739 2707 3804 qni

1640 3814 1695 3863 in
1716 3816 1930 3863 numero
1948 3815 2227 3866 Quiritium
2247 3829 2347 3864 non
2362 3822 2442 3864 est
2454 3815 2488 3863 ?’
2522 3815 2707 3864 Plures

1640 3891 1819 3942 laudat
1831 3892 2188 3956 Schultingius
2206 3895 2270 3942 ad
2288 3894 2497 3957 Ulpian.
2519 3894 2603 3944 tit.
2618 3907 2706 3943 ιιι.

1640 3968 1669 4031 §
1690 3970 1737 4016 l.
1762 3973 1819 4018 et
1839 3968 1953 4017 aliis
1970 3967 2154 4017 eodem
2173 3969 2226 4017 in
2240 3969 2372 4018 libro
2391 3971 2538 4025 locis,
2554 3970 2705 4033 cujus

1643 4044 1816 4106 operis
1836 4044 2035 4106 laudes,
2052 4058 2168 4094 cuin
2195 4046 2567 4108 praedicatione
2588 4060 2705 4095 nos-

1640 4127 1727 4171 tra
1748 4136 1854 4171 non
1874 4121 2123 4185 indigeat,
2145 4123 2248 4171 seri
2267 4122 2421 4172 etiam
2438 4123 2706 4173 nobiscnm

1642 4198 1900 4247 extollent
1919 4206 2155 4261 nepotes.
2189 4198 2366 4248 Arntz.
2405 4218 2408 4221 ·
2469 4200 2474 4209 '

1706 4274 1734 4337 §
1755 4277 1788 4322 4
1814 4274 1937 4324 Cam
1963 4274 2279 4339 Capitolium]
2313 4274 2456 4325 Male
2481 4274 2702 4341 Franeq.
