3025 4934
502 426 799 477 Auum..
829 426 1028 476 Vter.
1061 423 1285 475 vutos
1336 424 1692 475 tnnus‘rn.
1737 417 1918 477 ΟΑΡῘ
1955 425 2250 506 xvau.

281 568 349 620 de
383 566 493 618 Off.
531 582 628 619 ιιι.
658 572 745 618 81.
774 567 896 617 Val.
925 567 1072 618 Max.
1096 582 1151 619 v.
1172 572 1226 618 Δ.
1258 581 1346 618 et.

286 650 334 694 8.
351 644 527 696 Amtz.

294 745 304 758 ·
337 721 627 786 Dimittes-e]
647 720 729 771 Ac
742 722 924 785 jurare
946 719 1123 785 coegit
1141 723 1158 750 ⁸
1173 735 1230 771 se
1254 737 1345 785 pa-

285 799 376 848 tris
413 799 529 862 ejus
566 797 847 847 accusandi
883 812 1039 848 ceusu
1074 799 1346 848 consilium

285 874 450 938 plebis
475 887 740 938 nunquam
764 872 1076 936 habiturum,
1095 874 1248 923 aliter
1258 888 1347 923 ex·

282 953 483 1013 templo
506 964 624 999 enm
650 948 1055 1000 transfixurum!
1092 950 1253 999 Moci».

348 1028 377 1092 ᾗ
411 1032 444 1077 8
478 1025 698 1089 Sulpicio
727 1025 987 1089 dictatore]
1024 1027 1164 1077 Festi
1195 1027 1349 1091 Capi·

282 1104 432 1153 tolini
453 1104 723 1153 consulem
754 1102 914 1154 fuisse
948 1105 1230 1168 loquuntur
1252 1104 1351 1154 boc

282 1179 424 1230 bello
458 1180 664 1229 Gallico
700 1180 763 1231 C.
799 1180 1088 1244 Sulpicium
1111 1179 1350 1229 Peticum

284 1269 402 1307 cum
424 1257 487 1307 C.
508 1256 711 1305 Licinio
744 1256 956 1306 Stolone
980 1256 1139 1306 Calvo
1160 1269 1226 1304 11.
1261 1255 1352 1322 qui

284 1342 341 1384 et
365 1348 504 1383 anno
527 1334 1085 1397 cccnxxnx.collega
1099 1332 1215 1396 ejus
1239 1330 1350 1382 fue·

285 1415 402 1458 rat:
439 1408 752 1458 dictatorem
790 1422 890 1459 non
927 1410 1055 1459 item
1079 1408 1179 1458 nisi
1217 1423 1352 1458 anno

285 1493 410 1548 post
441 1485 604 1533 tertio
631 1497 862 1536 cccxcv.
912 1485 1140 1535 dictator
1177 1493 1351 1534 entem

285 1553 495 1611 crat'l'.
525 1561 801 1613 Quinctius
833 1559 1044 1611 Pennus
1073 1559 1351 1610 Cincinna-

286 1645 392 1698 tus,
412 1646 471 1686 nt
496 1637 676 1697 Livius
695 1653 711 1686 ι
737 1637 820 1687 vel
840 1637 904 1687 Τ.
925 1637 1204 1689 Quinctius
1221 1637 1350 1686 Ber-

284 1714 441 1763 bstns
478 1713 810 1776 Capitolinus
849 1712 1139 1777 Crispinus,
1172 1721 1232 1763 ut
1264 1727 1350 1761 ee·

287 1790 407 1839 dem
441 1781 745 1852 Capitoline
767 1797 1103 1839 monuments
1122 1790 1352 1854 signent,

284 1880 389 1916 non
428 1866 692 1929 Sulpicius.
738 1867 940 1917 Sebott.
1005 1867 1147 1917 Vide
1178 1874 1352 1917 temen

285 1942 500 1992 Fabric.
521 1942 588 1991 sd
613 1943 768 1993 Oros.
792 1957 880 1992 ιιι.
900 1948 951 1994 6.
982 1943 1157 1994 Aratz.

298 2029 305 2036 ·
350 2017 748 2084 provocatorem]
769 2020 786 2047 ⁸
802 2019 970 2071 Quem
995 2017 1170 2082 nunc,’
1192 2019 1353 2068 mexi-

288 2107 373 2144 mn
409 2108 538 2145 voce
574 2096 762 2160 inquit,
795 2097 990 2146 ‘Roma
1018 2096 1353 2147 fortissimum

291 2172 454 2220 virum
500 2170 678 2236 babet,
722 2173 976 2235 procedat
1020 2173 1241 2236 agedum
1286 2170 1354 2221 ed

291 2262 539 2311 pugnam,
574 2256 635 2298 nt
669 2259 850 2299 noster
885 2246 1103 2297 duorum
1137 2255 1355 2297 eventus

290 2325 559 2380 ostendat,
585 2331 699 2374 utre
731 2339 855 2388 gens
880 2325 1016 2373 bello
1047 2326 1113 2373 sit
1135 2321 1354 2373 melior.'

293 2402 458 2451 maes.
509 2403 767 2451 Caeterum
787 2400 854 2462 de
874 2401 1129 2465 Torquati
1150 2417 1353 2462 μονομα-

294 2478 397 2544 χίᾳ,
436 2484 493 2527 et
530 2478 741 2527 Corvini
781 2492 897 2527 cum
931 2475 1359 2539 provocatoribus

294 2555 484 2624 Gallis,
505 2553 626 2611 vide
649 2553 818 2616 Agell.
846 2552 1004 2602 Noct.
1029 2550 1195 2599 Attic.
1217 2551 1253 2599 l.
1272 2564 1355 2600 tx.

294 2629 479 2694 quibus
516 2631 684 2678 lucem
716 2629 896 2678 attulit
924 2628 1131 2691 Lipsius
1152 2627 1356 2690 Episto-

293 2706 381 2754 lic.
416 2706 624 2756 Quaest.
657 2704 789 2754 libb.
825 2718 911 2756 ιιι.
938 2712 994 2753 et
1024 2717 1103 2753 1v.
1130 2717 1195 2752 ex
1220 2703 1357 2767 opti-

294 2781 388 2829 mis
425 2779 743 2829 membranis
768 2780 910 2829 vict.
938 2779 1161 2830 Giselini
1186 2778 1355 2828 Medi-

296 2857 370 2905 ci:
407 2866 464 2906 et
486 2856 620 2907 Lud.
644 2858 826 2908 Carrio
844 2855 1029 2921 Antiq.
1047 2857 1199 2906 Lect-
1222 2870 1286 2906 ιι.
1312 2861 1359 2906 1.

300 2931 488 2982 echon.

357 3006 668 3070 Detractum]
695 3007 949 3071 vulgatos
981 3006 1140 3056 libros
1174 3009 1357 3057 detrac-

294 3092 392 3135 tam
403 3088 633 3134 scribere
650 3085 847 3134 monuit
864 3085 917 3132 in
934 3084 1164 3147 margine
1179 3085 1358 3134 Schot-

296 3173 399 3226 tus,
421 3171 479 3212 et
501 3163 581 3212 ita
600 3177 802 3228 quoque
825 3161 973 3211 Leid.
999 3166 1046 3212 1.
1082 3162 1236 3213 Quod
1256 3160 1359 3211 fer·

295 3243 338 3291 ri
376 3250 576 3306 potest,
617 3254 736 3288 cum
768 3239 1014 3305 ‘torques
1037 3238 1052 3260 '
1086 3240 1244 3289 etiem
1268 3254 1358 3303 ge·

294 3332 417 3368 nere
427 3315 688 3366 ‘feminino
712 3313 982 3365 efferetur.
1046 3316 1246 3366 Gellius
1268 3331 1360 3367 seu

196 3425 201 3432 ·
296 3398 470 3461 potius
490 3395 627 3457 apud
665 3409 782 3443 eum
815 3394 1063 3445 Claudius
1086 3394 1361 3445 historicus

297 3475 457 3526 Noct.
496 3486 581 3521 lx.
628 3476 710 3521 13.
767 3472 1064 3537 ‘Torqnem
1110 3471 1362 3534 detraxit,

296 3563 520 3613 eamque
551 3547 995 3611 sanguinolentam
1033 3547 1133 3597 sibi
1170 3549 1222 3596 in
1259 3549 1360 3598 col·

297 3628 399 3675 lum
445 3624 685 3689 inponite
751 3623 905 3673 Adde
949 3625 1103 3674 Voss.
1141 3624 1209 3673 de
1243 3624 1361 3675 Art.

298 3703 535 3753 Gramm.
578 3713 668 3750 ιιι.
700 3705 786 3750 29.
821 3701 872 3748 in
908 3700 1050 3750 fine:
1085 3704 1141 3749 et
1182 3700 1363 3750 Heius.

296 3794 414 3830 cum
439 3781 689 3829 Burman.
721 3780 773 3827 in
797 3779 915 3828 edd.
940 3780 1006 3829 nd
1033 3777 1194 3827 Ovid.
1223 3778 1364 3828 Fast.

299 3871 338 3908 ι.
358 3862 474 3908 599.
508 3857 723 3907 Aureum
752 3859 1018 3908 detrectem
1047 3858 1200 3907 Fran.
1230 3857 1360 3907 Arn-

300 3935 500 3984 tzenius.
534 3917 543 3934 ⁸

366 4007 571 4073 Ceu-cix]
594 4009 728 4058 Pars
750 4023 812 4058 ee
836 4010 952 4059 colli
970 4008 1130 4072 dicte,
1149 4010 1266 4076 qnia
1284 4010 1361 4060 in·

302 4086 365 4135 de
388 4100 421 4135 e
441 4085 659 4136 cerebro
683 4088 861 4136 canale
882 4088 1063 4136 oritur.
1096 4087 1263 4136 Maeli.

364 4163 558 4228 Induit]
590 4163 777 4213 Indidit
796 4163 925 4212 Mss.
944 4162 1081 4212 libri.
1127 4163 1364 4212 Rectius.

304 4239 546 4291 &hotta-s.
610 4240 899 4303 Receptsm
939 4247 1111 4288 temen
1147 4247 1362 4289 tuentur

308 4325 526 4381 quatuor
560 4316 759 4380 scripti,
796 4322 851 4365 et
888 4316 1106 4379 priores,
1136 4329 1266 4380 quas
1286 4314 1363 4364 in-

2344 410 2482 477 563

1421 568 1595 632 spui,
1628 568 1903 629 editiones,
1939 583 2066 633 quas
2101 569 2341 619 deserere
2388 583 2482 618 no·

1419 643 1513 708 ini,
1556 659 1673 694 cum
1715 645 1856 695 nulla
1894 645 1965 694 sit
2000 645 2133 695 ratio
2174 659 2269 696 cur
2298 645 2484 695 indidit

1421 722 1614 771 rectius
1658 720 1894 783 praeferri
1946 735 2233 776 censerem.
2314 720 2483 771 Immo

1420 798 1597 861 potins
1636 811 1825 860 sequor
1859 798 2029 860 ipsum
2059 797 2235 847 Cicer.
2265 797 2333 846 de
2366 797 2484 846 Pin.

1420 885 1485 922 ιι.
1514 877 1601 923 22.
1635 875 1751 924 ‘Ex
1772 873 1885 937 ejus
1930 874 2108 937 spoliis
2145 872 2248 923 sibi
2288 880 2342 922 ct
2377 882 2483 923 tor-

1422 964 1577 1014 quem
1623 956 1680 999 et
1722 964 2006 1012 cognomen
2050 948 2259 1002 induit-⁹
2324 950 2486 1002 Ovid.

1424 1025 1596 1089 Epist.
1630 1025 1762 1075 Her.
1792 1039 1917 1076 xxi.
1940 1029 2021 1075 90.
2052 1031 2068 1053 ‘
2086 1026 2157 1082 Et
2187 1032 2362 1075 vestes
2392 1025 2489 1075 bu·

1422 1101 1577 1151 meris
1610 1099 1781 1151 induit
1813 1103 1925 1165 ipsa
1965 1100 2131 1151 meis.’
2196 1102 2270 1151 Et
2303 1100 2490 1152 Amor.

1421 1177 1571 1241 Eleg.
1615 1190 1679 1228 ιι.
1715 1181 1797 1228 16.
1840 1181 1889 1227 4.
1923 1178 1938 1206 ‘
1963 1178 2212 1228 Protinus
2250 1179 2487 1229 articulis

1423 1252 1606 1304 induat
1645 1254 1737 1303 illa
1780 1253 1926 1304 suis.’
1993 1253 2173 1304 Livius
2214 1246 2371 1304 xxx.
2404 1259 2488 1305 18.

1421 1328 1567 1378 ‘Sibi
1590 1344 1731 1379 erms
1766 1330 2012 1379 adversus
2045 1329 2304 1395 hospitem
2325 1340 2494 1396 etque

1425 1406 1644 1456 amicum
1668 1403 1931 1456 induerit-⁹
1968 1407 2143 1456 Arate.

1488 1485 1518 1547 §
1550 1487 1582 1533 4
1616 1483 1817 1546 Latino]
1849 1484 2120 1534 Plutarch.
2143 1484 2195 1534 iu
2213 1485 2492 1535 l'arellelis

1424 1560 1615 1609 bellum
1652 1558 1909 1629 Albanum
1935 1568 2105 1610 vocet.
2168 1559 2314 1610 Idem
2340 1568 2396 1610 et
2432 1562 2492 1611 in

1426 1636 1566 1685 bello
1622 1637 1868 1685 adversus
1930 1637 2193 1687 Semnites
2254 1645 2488 1687 ereetum

1425 1712 1676 1763 Manlium
1698 1714 1960 1763 consulem
1992 1714 2068 1763 eit
2095 1722 2154 1763 et
2171 1712 2489 1775 Ἐπιτάκτην,

1427 1791 1483 1840 id
1505 1798 1588 1840 est
1617 1792 1934 1854 imperiosum,
1962 1792 2315 1855 appellatum3
2350 1793 2496 1856 quod

1427 1868 1494 1918 de
1533 1866 1659 1925 filio,
1697 1869 1785 1932 qui
1831 1867 2030 1931 injussu
2075 1883 2170 1917 suo
2203 1869 2254 1916 in
2289 1870 2488 1920 bostem

1425 1952 1769 2010 pugnaverat,
1813 1944 2124 2008 supplicium
2166 1945 2488 2007 sumpsisset,

1426 2022 1554 2071 licet
1577 2022 1743 2070 victor
1765 2019 1981 2069 rediret.
2033 2020 2138 2074 Sed
2160 2029 2335 2079 errat;
2361 2027 2490 2070 tunc

1427 2098 1563 2146 enim
1587 2094 1831 2146 foederati
1856 2104 2026 2156 erant,
2051 2110 2227 2145 verum
2250 2110 2366 2145 cum
2390 2097 2496 2146 La-

1429 2175 1554 2223 tinis
1579 2173 1771 2223 bellum
1795 2180 1929 2223 eret.
1966 2173 2098 2222 Ceto
2120 2173 2256 2237 apud
2278 2173 2498 2223 Sallust.

1430 2251 1586 2301 Catil.
1620 2249 1811 2298 bellum
1850 2249 2110 2298 Gallicum
2151 2250 2402 2309 nominet,
2434 2256 2491 2299 et

1427 2326 1552 2377 Auli
1588 2340 1882 2389 praenomen
1915 2326 2129 2374 tribuit:
2165 2327 2181 2354 ⁴
2205 2324 2361 2388 Apud
2385 2339 2494 2375 ma·

1386 2431 1391 2442 ·
1420 2405 1563 2466 jores
1604 2399 1847 2464 ποια-083
1897 2401 2084 2464 inquit,
2118 2400 2224 2449 ⁶A.
2262 2402 2495 2451 Manlius

1427 2480 1721 2542 Torqustus
1747 2479 1884 2527 bello
1906 2477 2111 2528 Gallico
2133 2475 2294 2526 filium
2322 2490 2493 2537 suurn,

1429 2555 1565 2619 quod
1600 2555 1641 2603 is
1675 2561 1859 2603 contre
1892 2553 2164 2616 imperium
2196 2551 2252 2600 in
2289 2551 2496 2618 bostem

1430 2629 1771 2696 pugnaverat,
1810 2632 1987 2679 necari
2010 2627 2188 2692 jussit,
2219 2634 2378 2693 etque
2402 2629 2500 2678 ille·

1430 2708 1669 2771 egregius
1693 2706 1989 2756 adolescens
2011 2703 2366 2754 immoderate
2386 2704 2498 2754 for--

1431 2784 1673 2834 titudinis
1692 2792 1859 2832 morte
1879 2795 2059 2846 poeues
2078 2778 2264 2829 dedit:
2295 2780 2367 2829 Et
2387 2793 2503 2829 non·

1430 2861 1584 2924 longe
1608 2859 1676 2909 ab
1693 2860 1873 2908 initio:
1909 2862 1925 2886 ⁶
1944 2857 2007 2908 Iu
2028 2856 2164 2906 bello
2176 2856 2365 2918 saepius
2386 2856 2495 2905 vin·

1432 2937 1659 2990 dicatum
1683 2935 1838 2985 estin
1861 2949 1973 2996 eos,
2006 2934 2095 2997 qui
2126 2942 2308 2983 contra
2329 2933 2494 2995 impe-

1431 3012 1564 3068 rium
1589 3011 1640 3060 in
1676 3010 1877 3060 hostem
1907 3015 2282 3073 pugnaverant,
2305 3009 2496 3073 quique

1435 3088 1636 3150 tardius
1675 3088 1908 3136 revocati
1942 3087 2120 3150 prelio
2144 3092 2497 3148 excesserant,

1432 3180 1583 3230 quern
1618 3165 1707 3229 qui
1742 3166 1892 3228 signe
1919 3163 2225 3226 relinquere,
2248 3168 2337 3211 eut
2360 3162 2502 3223 pulsi

1432 3243 1548 3291 loco
1569 3241 1758 3296 cedere
1781 3239 1892 3289 susi
1913 3236 2098 3289 erent-³
2159 3237 2299 3287 Vide
2324 3238 2495 3286 Cicer.

1433 3319 1500 3370 de
1537 3321 1774 3370 Dirinst.
1808 3317 1899 3368 lib.
1935 3332 1973 3369 ι.
2012 3319 2078 3368 de
2104 3318 2304 3381 Deciis,
2326 3318 2495 3383 quise

1432 3397 1696 3460 vitamque
1747 3410 1889 3446 susm
1944 3395 2073 3457 reip.
2106 3395 2504 3444 condonavere.

1435 3473 1585 3522 Idem
1612 3471 1768 3522 Offic.
1789 3471 1881 3521 lib.
1910 3484 1997 3521 ιιι.
2019 3485 2121 3521 non
2145 3472 2296 3536 longe
2319 3470 2385 3520 ab
2405 3486 2497 3520 ex·

1435 3557 1632 3602 tremet
1668 3550 1684 3577 ‘
1698 3551 1759 3599 Τ.
1773 3548 1999 3598 Manlius
2019 3548 2084 3595 ad
2103 3543 2352 3597 Anienem
2370 3546 2496 3597 Gal·

1434 3626 1490 3683 li,
1511 3641 1665 3691 quem
1701 3625 1767 3675 ab
1799 3640 1861 3674 eo
1883 3631 2192 3688 provocatus
2210 3623 2506 3679 occiderat..

1436 3711 1626 3770 torque
1659 3703 1916 3763 detrecto,
1948 3714 2233 3765 cognomen
2260 3700 2496 3748 invenit:

1437 3781 1581 3844 cujus
1605 3780 1758 3829 tertio
1780 3779 2045 3828 consulatu
2066 3776 2236 3826 Latini
2249 3774 2315 3824 sd
2338 3776 2497 3824 Vese-

1436 3861 1534 3907 rim
1558 3856 1657 3907 fusi
1680 3865 1736 3906 et
1759 3855 1961 3920 fugatis
1995 3869 2210 3918 mugnus
2234 3853 2313 3901 vir
2335 3852 2494 3916 inpri-

1435 3935 1552 3989 mis,
1587 3941 1644 3982 et
1673 3932 1758 3996 qui
1793 3931 2162 3996 perindulgens
2195 3930 2246 3978 in
2270 3936 2502 3991 petrem,

1435 4009 1570 4057 idem
1595 4006 1784 4057 acerbe
1807 4020 2018 4055 severus
2040 4005 2093 4054 in
2109 4004 2267 4053 filium
2282 4001 2319 4051 ι’
2340 4017 2493 4066 quem

1436 4086 1600 4133 locum
1639 4083 1790 4133 attuli
1821 4081 2086 4139 libentius,
2107 4093 2223 4129 cum
2247 4079 2369 4142 quia
2389 4079 2499 4127 his-

1436 4161 1625 4208 toriam
1671 4156 1902 4208 breviter
1943 4156 2191 4217 explicat,
2232 4161 2340 4204 tum
2373 4153 2504 4218 quia.

1436 4236 1580 4285 varie
1604 4235 1824 4298 legitur:
1864 4233 2062 4283 Nonius
2107 4233 2263 4296 enim,
2298 4233 2383 4282 ubi
2423 4234 2502 4282 de

1437 4322 1646 4377 torque,
1668 4311 1905 4361 Animum
1926 4310 2133 4374 scribit,
2158 4309 2417 4375 quomodo
2439 4318 2498 4361 et
