3025 4934
585 383 876 434 Αυιιιιι..
913 383 1108 432 vxor.
1156 369 1391 432 vinos'
1433 382 1790 434 rauus‘rn.
1834 384 1999 434 car.
2048 385 2247 435 xnu.

330 520 486 571 niaria
517 519 741 574 taberna
775 518 1002 571 fortuna
1042 518 1269 570 ludibrio
1314 518 1381 570 ad

325 598 579 662 fastigium
666 598 964 648 consulatus
1051 604 1381 660 pervenerat.

324 674 535 738 Jamque
559 674 729 738 magis
761 673 1152 737 indignandum.
1186 672 1380 724 ,Obvi-

325 764 401 798 am
415 750 552 800 itum
590 749 885 813 superstiti,
905 758 1155 814 actaeque
1178 750 1384 813 gratiss,

325 827 435 888 quia
469 826 535 876 de
579 827 848 891 republica
892 842 994 876 non
1032 827 1381 890 desperasset,

323 901 567 960 scribunt,
602 903 696 968 qni
717 904 761 953 si
785 902 1232 967 Carthaginiensis
1253 900 1379 951 fnis-

324 986 416 1033 set.
438 980 572 1028 malo
597 975 817 1030 consilio
839 988 999 1043 atque
1022 978 1184 1028 ductu
1207 993 1301 1028 suo
1327 980 1379 1027 in

319 1055 686 1124 crucemhand
708 1055 866 1107 dubie
898 1056 1137 1107 elevatus
1168 1043 1376 1105 fnisset.

322 1131 483 1181 Maeli.

320 1237 327 1248 ι
378 1208 667 1280 Sufflavit]
703 1209 824 1260 Non
851 1208 1080 1273 prolixus
1092 1208 1144 1258 in
1168 1207 1249 1257 his
1273 1206 1378 1257 his-

320 1284 460 1338 toriis
482 1301 597 1347 ero,
619 1286 742 1351 quia
767 1286 1039 1337 Plutarch.
1062 1293 1116 1336 et
1135 1286 1236 1335 Sil.
1269 1285 1375 1335 Ita·

318 1358 440 1409 licus
462 1371 728 1412 nocturna
748 1361 1035 1426 diurnaque
1064 1375 1216 1412 manu
1238 1361 1378 1411 evol·

316 1437 485 1485 vendi.
550 1438 693 1488 Illud
728 1444 937 1490 constat
973 1448 1080 1488 tres
1102 1438 1304 1488 modios
1327 1453 1376 1487 a·

313 1513 545 1563 nulorum
569 1529 846 1564 aureorum
866 1514 933 1564 ab
954 1512 1251 1564 Hannibale
1273 1514 1376 1565 col-

312 1586 506 1652 lectos3
543 1605 612 1641 ea
641 1598 815 1641 autem
851 1597 1170 1655 tempestate
1203 1591 1299 1641 soli
1322 1605 1376 1642 e-

314 1664 478 1726 quites
514 1661 706 1717 anulos
744 1665 1009 1717 ferebant.
1069 1667 1372 1719 Juvenalis=

315 1745 331 1779 -⁴
349 1740 647 1796 Cannarum
675 1742 887 1804 vindex,
909 1750 963 1793 et
1000 1744 1135 1794 tanti
1172 1744 1375 1808 sangui-

314 1814 389 1872 nis
413 1817 553 1868 ultor
577 1818 816 1869 Anulus.’
846 1821 1015 1869 Maeli.

374 1894 455 1955 §5
491 1895 649 1958 Cujus
678 1895 884 1958 deliciis]
931 1895 1019 1945 Ob
1053 1896 1283 1960 Capuam
1317 1902 1374 1946 et

313 1966 594 2034 Salapiam,
632 1971 720 2021 ubi
760 1984 935 2022 amore
979 1971 1139 2021 etiam
1186 1972 1372 2036 puellm

313 2052 510 2107 captas.
547 2054 731 2108 tantus
761 2047 1048 2111 imperator
1086 2053 1167 2095 est
1205 2047 1370 2097 molli·

310 2124 416 2171 tusz
451 2137 572 2174 nam
610 2131 732 2187 post
766 2124 1001 2174 Feroniae
1039 2124 1371 2188 opulentissi-

310 2208 443 2247 mum
466 2200 725 2265 templum
748 2189 1144 2264 depopulatum,
1163 2200 1216 2249 in
1240 2201 1370 2249 Bru·

312 2270 404 2326 tiss
425 2274 770 2339 Lucanasque
792 2274 1080 2326 contendit.
1113 2275 1281 2325 Maeli.

318 2391 323 2398 .
373 2339 453 2411 §6
485 2351 568 2400 Aa
591 2349 811 2413 tertiam]
848 2350 1026 2415 Usque
1059 2350 1125 2399 ad
1162 2364 1240 2400 lv.
1275 2350 1368 2400 mi-

310 2418 522 2494 liarium,
566 2425 737 2490 inquit
791 2427 1112 2490 Eutropius:
1155 2427 1367 2491 quicum

306 2502 568 2552 consentit
591 2501 820 2565 Appian.
839 2503 972 2553 libro
994 2505 1060 2553 de
1082 2504 1237 2554 rebus
1257 2503 1366 2554 Au-

309 2573 528 2640 nibalis;
565 2580 642 2630 ait
680 2580 815 2628 enim
855 2580 1023 2642 ipsum
1069 2593 1265 2631 xxxu.
1302 2580 1367 2630 ab

310 2646 445 2704 Urbe
479 2655 655 2706 stadio
688 2655 756 2705 ad
792 2655 1044 2706 Anienem
1067 2664 1242 2707 castra
1275 2672 1366 2721 po-

307 2728 482 2795 suisse,
530 2733 585 2782 id
621 2738 720 2796 est,
743 2746 822 2783 lv.
856 2732 922 2783 ab
962 2733 1108 2783 Urbe
1147 2734 1368 2783 milliari.

309 2802 555 2870 Polybius
579 2824 700 2858 vero
720 2822 805 2859 rx.
827 2808 1102 2872 dogstadia
1127 2811 1238 2859 sive
1254 2811 1361 2859 mil-

308 2877 372 2929 lia
388 2897 632 2946 passuum
657 2885 886 2949 quinque
905 2891 1163 2936 numerat.
1228 2888 1364 2936 Livi·

308 2970 552 3013 usautem
577 2971 631 3011 et
656 2962 859 3011 Plinius
874 2962 967 3012 lib.
986 2977 1080 3012 xv.
1096 2963 1363 3013 nobiscum

307 3031 524 3088 faciunt.
569 3038 758 3087 Sotion.
819 3037 1064 3088 Barthins
1105 3039 1169 3089 ad
1209 3041 1361 3091 Clan-

308 3108 439 3162 dian.
461 3115 602 3163 Bell.
623 3115 771 3164 Gild.
793 3129 868 3163 vs.
889 3119 970 3165 83.
1001 3115 1181 3167 Arata.

366 3190 545 3240 Castra
574 3189 832 3254 posuisset]
867 3192 996 3241 Cum
1022 3192 1223 3241 duobus
1249 3192 1362 3243 mil-

305 3262 428 3316 libus
451 3257 926 3330 equitum'Romam
961 3270 1278 3330 speculatus,
1301 3283 1361 3319 ac

307 3352 395 3401 per
416 3343 646 3395 triduum
663 3351 907 3393 conserto
924 3344 1207 3393 certamine
1227 3359 1361 3395 sem·

306 3429 394 3477 per
445 3420 626 3483 praelio
669 3419 880 3482 incepto
926 3420 976 3467 vi
1026 3421 1358 3484 tempestatis

306 3491 582 3545 distractus
606 3500 717 3544 est:
754 3494 886 3543 adeo
907 3502 966 3543 ut
988 3494 1180 3546 dixerit
1214 3495 1358 3545 Han·

306 3569 436 3622 nibal
464 3573 481 3601 ‘
506 3571 770 3637 potiundae
788 3571 885 3621 sibi
907 3570 1068 3622 Urbis
1088 3573 1357 3635 Romanoe,

305 3649 451 3700 modo
473 3656 698 3700 mentem
728 3655 832 3697 non
856 3648 989 3712 dari,
1019 3648 1171 3699 modo
1194 3648 1357 3699 fortu-

306 3726 451 3775 nam?
486 3725 652 3775 Mach.
1228 3727 1231 3728 ⁷

367 3793 734 3865 Tempestatibus
764 3800 1002 3865 repulsas]
1046 3801 1356 3866 Propertius

303 3872 380 3927 El.
394 3892 486 3929 ιιι.
506 3882 558 3929 2.
579 3883 661 3930 11.
693 3884 749 3929 et
771 3879 1048 3931 Claudian.
1068 3879 1208 3932 Bell.
1230 3880 1355 3931 Get.

304 3959 510 4025 ys.‚508.
540 3948 718 4007 Arutz.

314 4077 317 4082 .
360 4031 674 4098 sturmius]
726 4032 955 4085 Quando
1002 4030 1354 4084 Hannibalem

303 4105 531 4160 lassando
553 4123 696 4159 mora
719 4109 865 4172 vicit,
881 4116 938 4158 ut
955 4108 1171 4162 iuferius
1192 4109 1352 4174 leges.

302 4182 457 4242 Maeli.
514 4187 730 4253 corrige
762 4185 974 4251 fractus,
1011 4186 1238 4239 rectius:
1292 4194 1351 4237 ut

2390 370 2523 437 599

1457 525 1609 584 patet
1637 520 1812 585 capite
1836 519 2076 583 sequenti
2103 518 2340 583 proxime
2357 527 2413 570 et
2436 535 2522 570 su·

1455 611 1551 660 pra
1571 612 1619 647 c.
1644 600 1724 647 14.
1747 595 2113 658 adjuvantibus
2144 603 2199 645 et
2224 595 2366 645 libris
2390 597 2525 646 anti-

1455 672 1587 735 quis.
1655 672 1719 721 In
1764 672 2075 734 Campaniam
2109 672 2312 724 devertit
2359 672 2520 722 iidem

1454 749 1739 810 eleganter·
1810 749 1889 796 De
1915 748 2199 810 Campania
2222 748 2345 797 alibi
2379 747 2522 798 dice·

1455 838 1584 872 mus.
1639 823 1946 887 Elanguisse
1971 830 2027 873 et
2051 823 2364 872 Antiochum
2387 824 2516 874 deli·

1453 889 1709 948 ciis'int'ra
1737 913 2062 963 cognoscere
2096 897 2293 949 licebit.
2325 899 2513 951 Sonuit.

1454 973 1652 1025 Omnes
1675 973 1829 1040 codd.
1851 981 1907 1025 et
1928 975 2051 1024 edd.
2068 974 2338 1030 frustratas
2360 976 2521 1028 firmi·

1452 1057 1537 1102 ter
1556 1052 1970 1116 retinent,quam
1988 1059 2159 1101 tamen
2179 1066 2354 1102 vocem
2375 1053 2519 1103 dam·

1451 1142 1576 1178 nare
1596 1129 1758 1179 voluit
1772 1130 1973 1179 Schott.
1993 1130 2127 1185 ideo,
2145 1130 2280 1194 quod
2295 1121 2519 1195 sequen·

1451 1208 1493 1258 ti
1507 1207 1701 1270 capite,
1716 1213 1771 1257 et
1785 1209 2020 1270 superius
2030 1206 2268 1269 frangere
2283 1207 2520 1269 posuerit

1444 1283 1669 1335 Noster.
1703 1284 1806 1334 Sed
1824 1299 1925 1333 non
1940 1298 2153 1333 necesse
2168 1291 2265 1341 est,
2287 1285 2517 1348 utscrip·

1452 1365 1552 1415 tor,
1578 1360 1619 1408 si
1644 1361 1807 1409 semel
1830 1361 2054 1425 aliquam
2074 1375 2252 1414 vocem
2269 1362 2518 1411 adhibue-

1451 1435 1537 1492 rit,
1553 1450 1617 1486 ea
1630 1450 1836 1500 semper
1855 1436 1930 1486 nti
1946 1445 2183 1500 cogatur.
2219 1438 2407 1502 Neque
2427 1437 2518 1488 ad·

1450 1515 1617 1565 mittit
1656 1515 1913 1580 gradatio,
1947 1530 2062 1581 quoe
2089 1517 2139 1564 in
2160 1515 2302 1567 hisce
2338 1517 2515 1567 verbis

1451 1589 1729 1653 reperitur,
1750 1598 1765 1619 ⁶
1793 1588 2088 1652 frustratus,
2111 1591 2347 1654 repulsus
2365 1600 2417 1640 et
2437 1590 2523 1643 fu·

1450 1667 1640 1731 gatus!
1705 1668 1905 1732 Utique
1927 1669 1943 1696 ‘
1966 1665 2209 1730 frangere
2231 1665 2246 1688 ’
2268 1668 2512 1731 majorem

1448 1742 1608 1796 habet
1648 1744 1914 1807 emphasin
1971 1758 2121 1807 quam
2178 1745 2194 1771 ‘
2221 1743 2480 1804 repellere
2500 1742 2518 1774 ²

1448 1826 1506 1870 et
1541 1815 1556 1848 ‘
1579 1818 1801 1883 fugare(
1823 1835 1940 1869 cum
1966 1820 2091 1870 iliud
2117 1819 2183 1870 de
2214 1819 2403 1870 talibus
2422 1834 2515 1884 po-

1448 1895 1704 1945 tissimum
1739 1895 1965 1956 dicatur,
1987 1895 2073 1959 qui
2105 1894 2170 1944 ad
2195 1894 2399 1944 ultimas
2426 1910 2516 1944 an·

1447 1971 1649 2035 gustias
1669 1977 1788 2020 sunt
1808 1971 2028 2029 redacti,
2048 1984 2371 2035 quorumque
2386 1986 2513 2033 opes

1445 2046 1560 2096 fere
1580 2055 1854 2111 prostratae
1861 2048 2065 2111 jacent.
2090 2046 2344 2098 Quinctil.
2361 2047 2512 2096 Deci.

1444 2139 1534 2175 ιιι.
1558 2128 1607 2174 3.
1641 2127 1657 2153 ⁸
1681 2125 1965 2188 subnixum
1991 2122 2238 2173 Numidia
2259 2120 2510 2187 fregimus

1441 2201 1789 2264 dugunnum·
1851 2198 2124 2250 Claudian.
2172 2199 2310 2248 Bell.
2367 2198 2510 2249 Gild.

1444 2293 1521 2327 vs.
1544 2283 1629 2330 92.
1660 2285 1677 2308 ‘
1702 2278 2049 2340 Fractumque
2074 2276 2292 2324 Metello
2322 2274 2510 2324 Traxi-

1441 2369 1556 2408 mus
1597 2355 1853 2407 inmanem
1884 2352 2042 2402 Marii
2075 2351 2172 2401 sub
2210 2351 2381 2401 vincla
2411 2351 2509 2403 Ju-

1441 2428 1725 2495 gurtham.’
1796 2431 2013 2491 Eutrop.
2047 2442 2111 2479 ιι.
2144 2432 2227 2478 25.
2254 2430 2268 2456 ⁸
2289 2428 2506 2486 Fractos

1442 2515 1522 2557 tot
1539 2507 1743 2557 casibus
1761 2520 1908 2570 spem
1932 2503 2120 2554 nullam
2142 2504 2337 2553 habere
2352 2501 2387 2552 :’
2419 2503 2506 2553 nbi

1441 2583 1615 2633 malim
1652 2571 1904 2647 'equidem
1936 2580 2167 2631 cladibus.
2235 2578 2505 2630 Claudian.

1439 2659 1579 2709 Bell.
1621 2658 1767 2709 Gild.
1810 2673 1890 2709 vs.
1932 2661 2050 2707 414.
2088 2655 2308 2719 ‘Fregit
2351 2671 2504 2721 quem
2582 2671 2586 2677 ’

1439 2734 1609 2796 clade,
1644 2734 1945 2785 tremiscat.’
2006 2734 2078 2783 Et
2108 2733 2242 2783 Bell.
2273 2732 2401 2784 Get.
2425 2748 2503 2783 vs.

1439 2816 1555 2862 602.
1610 2819 1625 2842 ‘
1650 2814 1820 2863 Tanta
1875 2826 1973 2862 nec
2017 2811 2170 2862 clade
2222 2812 2504 2877 superbum

1440 2890 1780 2940 Contudimus
1801 2888 2036 2945 Tanaim,
2071 2889 2153 2938 vel
2176 2902 2370 2937 cornua
2398 2888 2505 2939 fre·

1437 2967 1603 3029 gimns
1637 2963 1802 3015 Istri.'
1870 2965 2025 3015 Oros.
2059 2977 2136 3013 lv.
2160 2969 2211 3015 9.
2243 2965 2260 2992 ⁴
2285 2966 2504 3016 Cartha-

1437 3039 1701 3107 ginienses
1723 3040 1881 3091 fracti
1914 3041 2066 3089 bellis
2089 3048 2146 3089 et
2165 3039 2421 3102 cladibus,
2444 3057 2503 3091 o·

1437 3118 1691 3182 pibusque
1714 3116 1972 3167 exinaniti
1990 3115 2029 3165 ε’
2060 3115 2135 3166 ita
2166 3117 2301 3165 enim
2336 3117 2409 3167 ibi
2434 3133 2503 3168 ex
2549 3134 2557 3138 ’

1436 3193 1542 3243 Ms.
1589 3192 1904 3256 reponimus.
1969 3190 2105 3246 Aliis
2149 3191 2309 3255 igitur
2352 3192 2502 3249 locis,

1435 3284 1551 3320 cnm
1573 3270 1639 3319 de
1662 3267 1824 3319 Fabio
1848 3268 1960 3318 solo
1983 3270 2305 3332 loqueretur,
2328 3270 2502 3331 potuit

1434 3346 1535 3395 hoc
1560 3345 1771 3395 verbum
1795 3344 2065 3404 adbibere,
2083 3344 2165 3393 hic
2188 3351 2362 3394 autern
2386 3347 2500 3396 nul·
2565 3359 2572 3364 ¹·

1432 3422 1489 3471 lo
1510 3421 1683 3482 modo,
1705 3436 1821 3470 cum
1848 3435 1941 3483 per
1964 3420 2317 3483 gradationem
2340 3437 2369 3471 a
2392 3423 2499 3485 pri·

1433 3499 1532 3547 mis
1556 3499 1701 3562 quasi
1726 3497 1995 3560 principiis
2026 3496 2314 3548 adscendet
2336 3497 2499 3554 adai-2

1432 3574 1604 3635 tiora3'
1634 3580 1650 3602 ‘
1674 3571 1974 3621 frustrando
1998 3570 2014 3592 '
2035 3572 2169 3620 euim
2192 3571 2378 3622 effecit·
2398 3573 2497 3636 Fa·-

1426 3648 1569 3713 bins,
1592 3656 1650 3698 ut
1673 3664 1704 3698 a
1730 3649 1920 3698 Flacco
1944 3648 2125 3710 repelli
2149 3654 2204 3697 et
2226 3663 2254 3698 a
2270 3650 2498 3702 Marcel·

1430 3726 1482 3775 lo
1503 3724 1673 3789 fugari
1698 3726 1891 3777 Poenus
1912 3732 2108 3788 posset.
2175 3722 2415 3775 Hostium
2440 3740 2498 3775 e-

1431 3804 1537 3853 nim
1563 3802 1711 3859 vires,
1730 3800 2031 3851 frustrando
2054 3800 2317 3865 deterere,
2348 3816 2496 3866 mag·

1426 3878 1483 3930 ’ni
1506 3879 1559 3929 in
1580 3879 1727 3929 bellis
1737 3886 1819 3927 est
1833 3876 2098 3926 momenti.
2150 3877 2229 3926 ‘Et
2247 3877 2323 3927 sic
2345 3879 2510 3929 certe'
2561 3895 2566 3898 ⁴

1427 3956 1747 4018 frustrando,
1767 3969 1865 4005 nec
1881 3954 2111 4004 hostibus
2132 3953 2337 4017 copiam
2363 3965 2491 4018 pug-
2513 3959 2518 3967 ⁴

1427 4048 1511 4084 nae
1539 4030 1773 4082 faciendo
1808 4031 2047 4095 superior
2078 4030 2245 4078 evasit
2279 4030 2488 4092 Fabius,
2551 4039 2552 4046 ¹

1427 4123 1590 4174 quare
1613 4109 1679 4158 de
1703 4123 1764 4156 eo
1785 4108 1899 4155 Val.
1933 4105 2193 4156 Maximus
2214 4118 2302 4155 ιιι.
2335 4108 2383 4154 8.
2407 4121 2492 4155 ex.

1425 4189 1476 4238 2.
1508 4184 1737 4250 {Itaque
1761 4182 1994 4233 frustrari
2027 4190 2084 4234 et
2111 4180 2323 4233 eludere
2360 4183 2485 4233 Poe·
