3025 4934
645 359 938 435 Auum..
973 385 1172 433 νισι.
1223 381 1447 433 vinos
1492 381 1849 433 ιιιυετιι.
1895 382 2059 432 ιιΑι».
2106 381 2241 433 vu.

326 534 464 621 post.
519 528 604 578 Ex
626 527 832 592 quibus,
853 526 1085 592 quamvis
1107 525 1386 576 admodum

323 592 571 668 corrupta
592 606 713 667 siut,
734 607 833 654 boc
865 604 1131 666 colligitur
1165 602 1390 653 mediam

323 683 577 748 syllabam
602 696 698 745 per
718 696 745 730 e
765 695 866 731 nou
888 694 984 744 per
998 680 1147 729 iesse
1161 679 1391 729 scriben-

323 762 466 822 dam,
488 773 611 808 cum
648 771 827 807 omnes
869 757 1008 806 iliam
1043 755 1276 805 vocalem
1299 769 1392 819 ag·

325 841 565 886 noscant.
649 834 826 886 Quare
851 833 926 882 ita
948 831 1203 881 edidimus
1227 846 1292 880 ex
1314 830 1391 882 Ο·

326 913 531 961 ratione
554 910 782 972 Claudii,
813 924 930 973 qum
953 908 1104 958 bodie
1132 908 1391 972 conspici·

326 996 415 1038 tur
447 985 590 1051 apud
616 984 1116 1055 Gruterumnlnscr.
1139 998 1260 1048 pag.
1282 996 1389 1034 nn.

327 1071 486 1128 atque
527 1063 603 1112 ita
638 1063 876 1112 voluerat
901 1060 1090 1112 Heius.
1121 1061 1187 1111 ad
1227 1060 1390 1113 Ovid.

325 1142 470 1190 Fast.
490 1153 570 1188 vt.
592 1143 710 1188 627.
741 1138 917 1188 Arntz.

388 1217 652 1279 Flamma]
674 1216 807 1268 Quae
831 1216 921 1266 illo
938 1222 1253 1280 experrecto
1271 1229 1390 1267 cum

326 1309 505 1347 somno
518 1296 734 1345 evanuit
751 1308 766 1343 z
787 1293 865 1342 its
877 1291 1146 1356 fastigium
1166 1292 1297 1343 vidit
1310 1291 1390 1342 fu·

325 1379 499 1420 turum
516 1367 823 1423 ostendens,
852 1374 912 1418 ιιι
941 1368 1077 1432 ignis
1101 1368 1392 1432 pyramida-

324 1447 388 1496 lis
411 1460 531 1496 esse
550 1447 703 1497 solet.
728 1446 894 1495 Mach-
939 1445 1088 1495 Talia
1111 1445 1252 1509 apud
1276 1446 1391 1495 Μι-

327 1537 506 1573 rouem
551 1521 815 1586 prodigia.
881 1521 968 1571 De
1008 1521 1125 1570 Iulo
1162 1520 1280 1570 AEu.
1322 1534 1391 1571 11.

328 1604 446 1650 081.
480 1605 496 1627 ⁸
519 1599 661 1648 Ecce
684 1598 814 1646 levis
853 1611 1050 1646 summo
1087 1596 1156 1646 de
1188 1597 1390 1647 vertice

324 1677 464 1725 visus
488 1674 593 1724 Iuli
613 1673 858 1724 Fundere
881 1675 1052 1723 lumen
1087 1687 1242 1737 apex,
1280 1679 1389 1724 tac-

326 1758 487 1813 tuque
510 1750 723 1799 innoxia
745 1748 887 1797 molli
911 1748 1162 1798 Lambere
1183 1746 1392 1798 flamma

325 1841 522 1883 comas,
546 1833 604 1875 et
624 1827 821 1875 circum
842 1832 1078 1889 tempora
1102 1824 1276 1889 pasci-⁹
1308 1827 1390 1876 De

324 1903 546 1956 Lavinia
575 1902 692 1954 AEn.
731 1915 837 1951 vn.
869 1907 952 1952 73.
985 1904 1002 1932 ⁴
1023 1902 1153 1951 Visa
1189 1901 1393 1967 (nefas)

292 1980 494 2045 ·longis
516 1978 897 2043 comprendere
935 1978 1162 2030 crinibus
1199 1982 1390 2043 ignem,

327 2059 506 2123 Atque
529 2071 735 2106 omnem
761 2063 998 2105 ornatum
1032 2044 1239 2106 flemina
1277 2072 1391 2108 cre·

326 2134 529 2197 pitante
553 2133 810 2193 cremari,
793 2147 809 2161 ·
844 2132 1167 2198 Regalesque
1205 2148 1392 2184 accen·

325 2223 381 2259 ss
402 2223 597 2265 comas.
614 2222 838 2259 accensa
861 2221 1104 2257 coronam
1127 2207 1389 2273 Insignem

327 2285 566 2350 gemmis,
571 2283 701 2334 'dt-c
733 2282 919 2333 sehon.

388 2367 419 2429 ς
452 2368 491 2413 2
531 2361 668 2425 Viso]
724 2360 842 2410 Visa
879 2358 1169 2410 Mediolan.
1202 2360 1391 2411 Schott.

330 2441 454 2491 Vet.
497 2440 615 2490 eod.
657 2438 746 2487 boc
780 2437 906 2486 visa.
939 2437 1088 2501 sylb·
1175 2437 1295 2487 Visst
1327 2453 1392 2488 ex

328 2517 523 2567 nostris
547 2513 697 2563 Leid.
721 2519 771 2562 1.
794 2520 849 2562 et
871 2514 1027 2562 Fran.
1046 2528 1261 2577 quorum
1284 2516 1391 2564 lec·

329 2593 526 2642 tionem
550 2592 989 2653 amplectunqnae
1011 2604 1042 2639 a
1063 2590 1236 2639 sciolis
1258 2589 1392 2641 frus·

329 2677 410 2718 tra
455 2664 666 2716 sublata
700 2673 800 2715 est·
876 2672 892 2694 ⁸
917 2665 1106 2715 Visus’
1140 2668 1278 2717 enim
1311 2673 1393 2717 est

327 2743 676 2810 quodcunque
724 2748 1035 2803 monstrum,
1084 2743 1392 2808 prodigium,

329 2834 510 2884 omen,
551 2828 608 2869 et
648 2821 755 2869 tale
800 2818 924 2883 quid
972 2820 1111 2885 quod
1157 2817 1392 2871 futurum

329 2901 719 2960 premonstrat.
800 2894 989 2960 Virgil.
1032 2893 1150 2944 AEn.
1180 2909 1270 2946 111.
1309 2899 1393 2945 36.

330 2974 350 3002 ⁴
372 2975 498 3024 Rite
544 2973 895 3023 secundarent
930 2974 1095 3029 visus.
1136 2986 1391 3037 omenque

327 3047 600 3101 levarent-⁹
635 3062 691 3099 v.
714 3053 799 3098 90.
823 3055 838 3077 ‘
858 3048 1151 3112 Obstupuit
1173 3048 1286 3097 visu
1307 3047 1392 3097 AE·

327 3125 494 3176 neas-⁹
541 3121 949 3175 confetnatz.
1004 3123 1393 3187 Apul.Metam.

327 3206 542 3254 xum.
579 3208 594 3230 ‘
619 3200 737 3250 Nec
755 3199 853 3250 fuit
878 3214 985 3248 nox
1007 3214 1109 3249 una
1131 3199 1213 3249 vel
1245 3200 1393 3263 quies

334 3281 523 3344 aliqua,
546 3277 661 3327 visu
686 3279 816 3326 Deae
847 3277 1149 3338 monituque
1177 3273 1397 3340 jejuna?

335 3356 645 3408 Prosertim
667 3363 846 3404 tamen
867 3353 936 3402 de
964 3354 1233 3402 nocturnis
1257 3367 1394 3402 som·

334 3435 452 3490 niis,
473 3439 763 3489 utnotum,
788 3436 846 3481 et
879 3430 1290 3494 apparitionibus
1312 3430 1393 3479 di·

334 3511 487 3560 citur.
518 3508 709 3557 Tibull.
726 3507 808 3557 El.
827 3510 982 3556 mul.
997 3509 1047 3556 8.
1065 3506 1082 3533 ‘
1098 3505 1180 3556 Ite
1198 3506 1395 3571 procul,

338 3598 523 3636 vanum
569 3583 864 3649 falsumque
918 3584 1144 3633 avertite
1197 3581 1395 3632 risum?

337 3664 473 3714 Veli.
495 3662 716 3712 Patere.
736 3674 796 3710 ιι.
818 3664 901 3710 57.
924 3662 952 3725 §
972 3664 1023 3709 2.
1053 3666 1070 3690 ‘
1089 3660 1239 3709 Uxor
1275 3660 1395 3710 Cal·

341 3740 531 3803 purnia
553 3739 744 3788 territa
763 3744 1023 3788 nocturno
1047 3735 1194 3787 visu-⁹
1223 3737 1397 3788 Tacit.

333 3817 478 3868 Hist.
511 3830 592 3866 xv.
617 3819 699 3865 83.
731 3814 1134 3866 ‘Sacerdotibus
1159 3813 1397 3878 AEgypti·

331 3900 789 3944 orum-nocturnos
812 3894 951 3942 visus
968 3889 1180 3955 aperit-⁹
1208 3891 1396 3943 Justiu.

338 3985 378 4021 1.
399 3973 494 4035 ις
521 3975 568 4020 1.
601 3969 617 3997 ‘
634 3970 803 4022 Quem
816 3970 968 4034 juxta
991 3977 1300 4021 nocturnum
1322 3968 1396 4018 vl·

331 4061 440 4097 sum
459 4046 724 4110 ergastulo
746 4042 1101 4094 liberaverat.’
1122 4042 1279 4092 Adde
1298 4056 1397 4094 xv.

334 4126 382 4172 4.
405 4125 433 4186 ξ
455 4121 507 4172 6.
555 4121 750 4171 Cetera
770 4119 1045 4170 Drakenb.
1068 4118 1134 4168 ad
1159 4119 1251 4168 sil.
1273 4118 1397 4169 Ital.

336 4212 377 4249 ι.
392 4203 478 4249 64.
516 4204 575 4247 et
604 4197 817 4261 vignoli
839 4196 891 4246 in
923 4197 1029 4245 Sel.
1056 4195 1221 4245 Inscr.
1247 4195 1329 4246 Cl.
1354 4209 1396 4248 1.

341 4290 394 4340 p.
407 4278 520 4326 188.
586 4272 742 4328 Quod
763 4279 938 4327 autem
974 4279 1098 4324 ante
1119 4271 1397 4337 legebatur

2397 367 2531 435 506

1462 527 1745 576 summamei
1764 525 1901 589 dign.
1921 539 2203 590 pronomen
2219 523 2528 590 delevimus,

1465 604 1760 654 volentibus
1788 605 1866 653 its
1898 604 2028 653 Μαι.
2062 608 2119 654 et
2152 602 2409 667 praecedit
2428 603 2532 665 qius

1466 687 1523 729 et
1544 681 1781 744 sequitur
1802 693 1926 742 eum,
1947 679 2024 729 its
2045 687 2105 729 ιιι
2125 680 2236 730 sine
2256 681 2363 730 ullo
2381 679 2529 732 dan·

1463 771 1534 806 no
1557 758 1639 818 τᾷ
1658 756 1704 806 ei
1728 770 1910 806 carere
1928 755 2107 806 liceat.
2138 755 2320 806 Arntz.

1532 832 1809 896 Intellexit]
1842 832 2087 894 Intelligit
2108 829 2391 897 Agrippin.
2412 831 2534 884 eod.

1465 909 1659 959 Scitote.

1529 987 1558 1049 §
1592 989 1625 1034 4
1662 983 1764 1041 Qui
1795 983 1926 1048 cum]
1957 985 2045 1035 Ita
2071 984 2385 1048 recepimus,
2408 999 2530 1037 eum

1466 1060 1518 1110 in
1538 1062 1913 1125 posterioribus
1947 1060 2253 1126 quibusdam
2287 1061 2409 1111 edd.
2438 1061 2530 1111 ba·

1467 1137 1684 1187 beretur
1704 1150 1916 1201 musque.
1940 1145 2129 1188 contra
2159 1139 2531 1189 auctoritatem

1467 1216 1622 1265 codd.
1642 1222 1698 1265 et
1720 1217 1843 1266 olim
1866 1213 2142 1265 editorum.
2172 1214 2347 1266 Arate.

1536 1294 1697 1343 Gener
1730 1309 1761 1343 ιι
1817 1292 2081 1356 Tarquinio
2134 1292 2405 1358 dumus]
2439 1290 2530 1343 Ob

1467 1371 1580 1436 ejus
1605 1371 1828 1421 virtutes
1848 1370 2082 1420 bellicas.
2117 1368 2285 1418 Macte.

1536 1444 1792 1511 Tanaquil]
1831 1446 2045 1508 Regiam
2070 1445 2429 1509 claudijubet,
2447 1458 2530 1493 ar·

1466 1523 1629 1571 bitros
1668 1523 1847 1586 ejecit,
1869 1521 2080 1570 simulat
2107 1534 2284 1583 regem
2321 1520 2533 1582 νίκης

1465 1600 1671 1650 interim
1718 1613 1965 1663 generum
2001 1596 2309 1648 adhortatur
2352 1602 2411 1648 ut
2444 1609 2530 1647 ea·

1465 1683 1645 1742 pessat
1668 1689 1903 1740 regnum.
1939 1675 2107 1724 Mach-

1539 1755 1617 1802 Ex
1640 1753 1806 1803 altiori
1823 1752 1946 1815 loco]
1981 1752 2188 1801 Desunt
2206 1749 2318 1799 boec
2334 1749 2535 1800 Parisi-

1466 1843 1535 1877 no
1558 1837 1616 1877 et
1635 1842 1722 1877 rec
1733 1836 1784 1875 te
1798 1825 2043 1883 fortasse,
2057 1839 2176 1874 nam
2195 1827 2212 1854 ⁸
2228 1825 2501 1889 despicere
2515 1823 2533 1847 ³

1466 1905 1709 1955 deorsum
1733 1903 1912 1953 videre
1937 1912 2037 1965 est,
2056 1909 2363 1967 constatque
2384 1917 2415 1952 e
2450 1900 2531 1952 fe·

1465 1989 1648 2031 nestra
1661 1980 1797 2044 apud
1812 1980 2114 2029 concionem
2132 1979 2291 2029 verba
2311 1977 2533 2040 fecisse3

1466 2059 1558 2108 nbi
1611 2059 1818 2124 quidam
1857 2057 2109 2120 respiciens
2161 2055 2325 2120 legit3
2380 2055 2534 2106 male.

1467 2135 1587 2185 Non
1612 2134 1944 2183 dissimulabo
1965 2133 2071 2182 Ma.
2093 2130 2353 2196 quendam
2374 2145 2437 2181 ex
2456 2132 2531 2181 al·

1467 2212 1585 2260 tisri
1614 2210 1926 2275 simpliciter
1960 2209 2172 2273 legisse,
2201 2214 2259 2258 et
2280 2221 2383 2257 vox
2409 2206 2533 2256 Tar·

1465 2289 1679 2353 quinium
1733 2302 1799 2338 ex
1847 2287 2029 2336 eodem
2067 2292 2298 2350 superat.
2344 2283 2534 2334 Sekou-

1471 2366 1555 2414 Ex
1584 2365 1750 2414 altiori
1785 2363 1941 2413 babet
1979 2361 2128 2412 Leid.
2152 2366 2199 2412 1.
2232 2361 2438 2412 Boend.
2471 2365 2533 2411 et

1466 2440 1625 2489 Pron.
1655 2454 1770 2489 cum
1797 2439 2017 2489 vetustis
2041 2437 2161 2488 edd.
2187 2451 2347 2503 qnare
2367 2435 2533 2486 omni·

1468 2530 1536 2565 no
1568 2516 1823 2566 bae-voees
1845 2514 2083 2565 delendas
2119 2528 2223 2563 non
2260 2519 2397 2563 sunt.
2459 2513 2533 2562 Et

1467 2593 1595 2642 licet
1647 2606 1825 2641 verum
1871 2592 1940 2641 sit
1975 2589 2312 2654 'despicere’
2342 2593 2533 2638 natura

1467 2683 1561 2718 sua
1581 2675 1764 2719 notare
1784 2669 2006 2719 deorsim
2023 2668 2220 2730 videre,
2235 2673 2409 2716 tamen
2430 2666 2532 2716 boe

1466 2760 1571 2796 non
1592 2746 1798 2808 inpedit
1811 2760 1915 2810 quo
1938 2746 2107 2794 miuus
2125 2758 2226 2793 non
2248 2742 2533 2795 adderetur

1466 2837 1532 2873 ex
1550 2825 1654 2872 loco·
1672 2822 1837 2873 altiori
1861 2823 1911 2871 id
1936 2821 2070 2872 fieri.
2097 2821 2186 2871 Sie
2197 2820 2370 2872 ovid.
2398 2821 2533 2871 Met.

1468 2911 1551 2947 xi.
1585 2903 1701 2948 603.
1736 2899 1841 2947 ‘Et
1879 2898 2034 2948 modo
2078 2896 2326 2959 sublimis,
2368 2892 2533 2945 veluti

1467 2973 1535 3023 de
1557 2975 1757 3024 vertice
1779 2975 1971 3024 montis
2010 2973 2295 3036 Despieere
2329 2971 2385 3020 in
2426 2971 2532 3021 val·

1466 3049 1581 3098 les.'
1648 3051 1783 3100 Met.
1799 3064 1880 3099 tv.
1900 3053 2017 3099 622.
2035 3056 2050 3079 ‘
2067 3049 2149 3098 Ex
2165 3048 2275 3097 alto
2289 3046 2533 3096 seductas

1469 3126 1663 3176 :ethere
1683 3126 1837 3190 longo
1861 3128 2149 3189 Despectat
2174 3122 2374 3173 terras:
2433 3123 2532 3174 Sil.

1468 3202 1591 3251 Ital.
1638 3215 1773 3252 xm.
1808 3206 1925 3253 281.
1960 3202 2281 3265 ‘Despectat
2317 3201 2386 3251 ab
2423 3200 2533 3251 alto

1468 3282 1633 3332 Sacra
1655 3279 2097 3351 fidem-agitatque
2119 3281 2284 3330 virum
2318 3278 2534 3333 fallacia

1468 3356 1666 3408 corda?
1728 3357 1930 3408 Seneca
1954 3357 2241 3408 Herc-(Et.
2277 3372 2353 3407 vs.
2384 3361 2535 3408 1605.

1468 3436 1762 3490 ‘Quum-ivit
1782 3438 1966 3500 oculis,
1989 3451 2114 3487 arce
2153 3450 2216 3485 au
2258 3450 2326 3485 ex
2360 3436 2535 3501 aliqua

1469 3523 1626 3577 peter
1646 3514 1962 3578 Despiceret
1984 3511 2169 3561 illum.'
2205 3540 2210 3547 -
2235 3511 2396 3576 Apul.
2413 3512 2534 3562 Me·

1469 3595 1596 3639 tam.
1631 3601 1710 3639 tv.
1749 3593 1863 3638 143.
1903 3588 2029 3637 edit.
2065 3587 2299 3637 Elmenb.
2363 3582 2533 3637 ‘Pro'-

1470 3671 1692 3717 stratum
1716 3672 1772 3714 et
1793 3663 2144 3715 semianimem
2168 3678 2237 3713 ex
2259 3663 2406 3713 edito
2438 3662 2533 3713 de-

1469 3738 1681 3802 spexit?
1717 3738 1914 3790 Confer
1928 3739 2224 3789 Bentleinm
2243 3739 2311 3789 ad
2325 3739 2534 3789 Pbaedr.

1470 3816 1601 3866 Fab.
1624 3830 1688 3866 ιι.
1714 3822 1763 3866 6.
1787 3831 1863 3866 vs.
1889 3820 1970 3867 10.
2004 3816 2206 3867 Quibus
2227 3817 2354 3866 locis
2375 3815 2533 3865 focile

1472 3893 1781 3955 adducerer,
1811 3898 1869 3942 ιιι
1899 3893 2119 3956 simplex
2141 3893 2270 3942 illud
2292 3892 2535 3942 excubo-i

1473 3969 1799 4035 praeferrem,
1830 3970 1929 4019 nisi
1953 3969 2131 4019 durius
2152 3968 2274 4034 quid
2296 3974 2531 4021 sonaret.

1470 4046 1646 4098 Aratz.

1480 4150 1485 4157 -
1537 4123 1763 4173 Priscum
1812 4117 2145 4184 Tarquinium]
2195 4118 2533 4184 Tarquinium

1472 4197 1647 4248 delevi
1667 4204 1876 4247 secutus
1895 4195 2105 4246 schotti
2132 4194 2307 4251 codd„
2340 4194 2531 4258 quibus

1473 4273 1856 4340 adstipulantur
1884 4273 2038 4324 Fran.
2059 4269 2261 4322 Boend.
2280 4275 2338 4322 et
2359 4270 2532 4337 Lugd.
