3025 4934
565 418 695 484 710

1256 431 1472 482 No‘rAE
1524 429 1933 482 VARIORUM
1983 433 2066 480 IN

519 587 524 592 ·
632 579 783 628 Haud
801 577 973 642 muto]
999 577 1280 629 Suetonius
1301 582 1449 652 εἴη.
1482 577 1624 626 ‘Im·
1692 575 1955 640 pretoriis,
2000 582 2057 625 et
2099 573 2238 625 forte
2288 574 2365 623 ita
2417 574 2571 623 libuit
2613 573 2751 637 loqui

564 655 698 719 perii
722 668 854 704 xcv.
873 654 975 710 die,
1000 653 1170 703 oetatis
1195 654 1459 704 tricesimo
1480 661 1624 703 octa·

563 745 634 781 vo
650 734 689 781 :’
707 730 907 780 duobus
931 730 1079 780 aunis
1094 730 1425 781 adolescente
1441 731 1624 793 major,

569 805 616 854 si
639 805 791 854 modo
824 812 952 869 quot
976 805 1232 869 pueritiae,
1258 803 1472 855 totidem
1502 804 1625 853 ado-

566 881 852 936 lesceutiae,
874 881 990 928 auni
1014 880 1319 935 octodecim,
1332 895 1428 930 nec
1454 880 1627 944 plures

570 956 887 1005 tribuantur·
918 956 1099 1006 Schott.
1166 955 1317 1006 Haud
1352 957 1502 1005 multo
1519 956 1628 1022 fiae

570 1033 897 1082 «detenentia
948 1033 1219 1093 grandiori,
1257 1031 1311 1080 id
1348 1037 1448 1087 est,
1485 1037 1501 1061 ⁴
1524 1046 1628 1080 non

566 1109 644 1157 ita
660 1107 851 1158 dudum
870 1107 1278 1157 adolescentiam
1297 1114 1628 1169 pretergres-

571 1199 658 1234 sus
677 1183 711 1230 2’
734 1183 893 1234 fuisse
916 1191 1089 1233 tamen
1120 1188 1137 1213 ⁶
1161 1184 1377 1246 triginta
1396 1191 1517 1233 octo
1538 1198 1628 1233 an-

570 1275 753 1310 norum
774 1259 789 1283 ’
824 1260 1053 1324 prodidit
1087 1261 1361 1310 Suetonius
1401 1274 1520 1326 cap.
1550 1263 1632 1310 11.

572 1337 698 1385 vitae
742 1337 888 1400 ejus:
931 1333 1032 1385 fuit
1070 1350 1197 1399 ergo
1237 1335 1437 1385 duobus
1483 1338 1630 1385 aunis

574 1412 910 1463 adolescente
970 1413 1154 1476 major,
1209 1413 1254 1460 si
1308 1411 1461 1460 modo
1503 1418 1632 1477 quot

572 1488 833 1551 pueritia,
878 1487 1093 1538 totidem
1131 1488 1498 1537 adolescentia
1543 1502 1630 1536 an·

571 1567 647 1628 ni,
695 1567 983 1617 octodecim
1039 1582 1225 1629 nempe
1278 1566 1629 1630 adsignentur,

570 1651 632 1692 ut
667 1648 812 1692 recte
849 1650 1151 1692 annotatum
1185 1641 1406 1693 Schotto
1437 1650 1632 1692 nostro.

577 1717 728 1766 (ἔπιέ.

649 1793 907 1842 Veronensi
936 1791 1128 1856 prelio]
1150 1792 1305 1856 Apud
1329 1793 1633 1842 Betriacum

574 1869 725 1919 Suet.
746 1869 873 1919 Otb.
909 1885 956 1919 c.
977 1875 1027 1919 9.
1096 1870 1309 1921 Vitellio
1344 1884 1391 1918 c.
1419 1875 1503 1919 10.
1529 1884 1633 1920 uon

575 1946 759 2007 procul
799 1961 830 1994 a
866 1944 1240 1995 confluentibus
1274 1945 1410 1995 Padi
1438 1952 1495 1995 et
1525 1946 1631 1995 Ad·

573 2020 707 2069 duce
754 2018 1039 2072 fluminum.
1101 2022 1272 2070 Tacit.
1311 2021 1455 2071 Hist.
1495 2021 1631 2085 Aug.

575 2095 663 2144 lib.
687 2110 750 2145 ιι.
782 2096 968 2146 Schott.
1019 2098 1090 2146 Et
1108 2096 1339 2158 Scaliger
1356 2096 1421 2144 ad
1440 2096 1633 2147 Euseb.

577 2187 630 2236 p.
655 2177 768 2222 198.
799 2173 974 2222 Aratt-
1285 2185 1298 2190 ·

642 2248 779 2298 Car.
803 2262 930 2297 vm.
980 2251 1009 2313 ξ
1034 2254 1065 2297 2
1098 2248 1273 2310 Legati
1295 2249 1482 2298 Moesioe
1505 2249 1636 2299 Pan-

576 2324 822 2387 amicique
866 2325 1128 2388 exercitus]
1182 2325 1388 2375 Octavo
1432 2326 1638 2388 imperii

529 2415 540 2424 ·
580 2401 781 2449 Vitellii
819 2415 996 2450 mense
1035 2401 1384 2452 desciverunt.
1448 2403 1639 2466 Tranq.

581 2489 681 2526 κν.
697 2477 930 2527 Vitellio.
979 2479 1160 2539 Legati
1186 2479 1461 2528 Mucianus
1479 2478 1530 2526 in
1546 2478 1640 2541 Sy·

578 2554 690 2615 ria3
722 2553 957 2617 Aponius
979 2554 1029 2602 in
1054 2554 1272 2614 Moesia3
1306 2552 1562 2602 Fabianus
1587 2555 1639 2601 iu

579 2631 884 2689 Pannonia;
926 2630 1093 2680 Tacit.
1118 2630 1257 2680 Hist.
1279 2644 1333 2679 v.
1354 2639 1489 2678 extr.
1543 2631 1641 2681 Ce-

581 2716 752 2756 terum
794 2707 1106 2766 horuntinus,
1170 2722 1235 2757 an
1296 2707 1537 2755 hortatum
1571 2707 1642 2755 le·

583 2782 842 2847 gendum?
901 2783 1056 2833 Idem
1080 2783 1289 2832 cornel.
1306 2784 1448 2832 Hist.
1472 2782 1640 2833 libat.

578 2857 808 2907 Mutiani
853 2859 1137 2910 suasionem
1187 2866 1357 2909 vocat.
1401 2859 1644 2929 Scluat-tus.

573 2934 763 2986 Minus
788 2937 1052 2985 commode
1076 2935 1318 2999 procedit
1337 2937 1526 2996 oratio,
1545 2936 1643 2985 uisi

587 3012 915 3062 admittamus
945 3012 1186 3062 hortatum
1214 3018 1459 3062 oemunt.
1489 3012 1646 3061 Grut-

581 3088 756 3138 Etiam
792 3090 1032 3138 hortatum
1074 3087 1396 3151 praeferebat
1431 3088 1645 3152 Sylbnr-

584 3163 719 3227 gius,
739 3179 836 3214 nec
859 3172 1036 3213 tamen
1059 3166 1222 3227 tnagis
1245 3163 1542 3214 emendatio
1563 3165 1646 3215 bic

582 3241 901 3301 necessaria,
926 3254 1077 3304 quarn
1111 3242 1249 3303 apud
1282 3241 1495 3290 Terent.
1518 3243 1646 3290 Eun.

584 3330 675 3366 ιιι.
698 3321 748 3366 3.
774 3321 853 3366 11.
886 3317 903 3344 ‘
923 3317 1042 3365 Huc
1063 3317 1248 3378 evasit,
1269 3313 1420 3381 quam
1445 3317 1646 3380 pridem

586 3399 738 3455 pate'r
771 3392 902 3440 Mihi
931 3396 986 3441 et
1018 3399 1188 3441 mater
1220 3394 1408 3441 mortui
1437 3395 1646 3444 essent!

590 3470 661 3518 Et
678 3469 867 3520 Justin.
892 3470 980 3517 lib.
1003 3483 1086 3517 tx.
1115 3483 1230 3531 cap.
1256 3471 1351 3518 ult.
1374 3472 1401 3535 ξ
1427 3475 1476 3520 7.
1510 3479 1524 3501 ·
1544 3473 1645 3521 Mi·

591 3544 872 3594 sericordia
894 3544 944 3593 in
971 3560 1032 3593 eo
1055 3552 1110 3594 et
1132 3545 1351 3607 pertidia
1387 3548 1496 3610 pari
1522 3548 1645 3611 jure

589 3621 836 3671 dilectas-⁹
896 3621 985 3671 Sic
1020 3622 1104 3672 hic
1138 3623 1417 3673 Moesiaeet
1439 3624 1648 3674 Panno-

588 3698 694 3747 nici
717 3698 977 3747 exercitus
990 3698 1220 3761 jungunt
1244 3699 1341 3748 sibi
1365 3702 1647 3764 genitivum

589 3775 841 3837 pluralem
876 3788 973 3837 pro
1015 3774 1284 3837 singulari,
1326 3776 1647 3826 notissimum

589 3849 899 3913 syllepsidos
946 3865 1127 3913 genus,
1171 3866 1298 3915 quas
1337 3850 1649 3917 frequentis-

590 3927 746 3974 simas
780 3926 833 3973 in
863 3926 1110 3975 Sallustio
1132 3941 1224 3975 suo
1246 3928 1543 3979 observavit
1565 3945 1651 3979 ac-

592 4003 951 4053 curatissimus
987 4004 1193 4053 Curtius
1226 4014 1283 4053 et
1315 4008 1562 4056 Sanctius
1596 4010 1651 4057 in

591 4079 725 4128 Min.
750 4093 828 4128 lv.
853 4084 934 4128 lo.
1000 4079 1107 4129 Pro
1143 4081 1330 4129 Moesioe
1364 4096 1466 4131 nou
1502 4084 1652 4147 pejus

591 4156 856 4219 legeretur
879 4157 1115 4208 Moesiaci.
1162 4157 1348 4208 Arntz.

659 4234 687 4296 ξ
732 4237 763 4281 8
823 4233 1056 4282 Othonem
1114 4234 1323 4296 praedem
1383 4237 1649 4302 pramis]

595 4308 793 4359 Schotti
816 4308 1083 4373 exemplar
1108 4308 1414 4374 interjungit
1442 4315 1652 4376 proaem

1700 653 1922 702 auctori.
1959 652 2158 701 Gruter.
2238 650 2379 702 Quid
2408 652 2450 698 si
2484 665 2551 699 ex
2582 664 2647 698 eo
2679 650 2752 699 fa·

1699 730 1804 779 cias
1835 728 2126 792 principem?
2203 727 2329 790 Sup.
2365 740 2483 787 cap.
2529 730 2578 776 ³.
2625 729 2755 789 §16-

1699 807 1716 838 ⁴
1739 804 1795 853 Sl
1829 803 2052 867 sapiant,
2085 801 2269 853 adesse
2300 801 2643 865 principemz'
2675 816 2756 851 ce·

1701 881 1939 944 teu-oquin
1983 879 2157 929 malim
2213 879 2436 929 schotto
2488 877 2757 940 adsentiri,

1702 956 1789 1021 qui
1814 956 1867 1004 iu
1888 969 1981 1005 sna
2003 955 2087 1006 ed.
2110 955 2244 1005 banc
2272 969 2449 1004 vocem
2472 953 2759 1004 deleverat.

1701 1035 1875 1082 Arntz.
2388 1037 2395 1045 “

1772 1108 2156 1158 Germaniciaais
2211 1104 2482 1168 Vitellium]
2535 1107 2759 1156 Veteres

1704 1186 1857 1236 libri:
1893 1188 2100 1238 dubites
2144 1185 2301 1249 igitur
2340 1183 2643 1234 Germanicis
2683 1197 2761 1245 uc,

1704 1277 1768 1311 au
1795 1263 2134 1313 Ger-munionis
2166 1263 2280 1325 (qui
2307 1262 2572 1310 exercitus
2595 1260 2650 1309 in
2675 1258 2762 1309 Al-

1706 1338 1828 1388 bino
1852 1339 2130 1402 Capitolinl
2164 1335 2424 1397 visuntur)
2458 1337 2637 1399 legas:
2673 1333 2763 1383 sed

1709 1415 2091 1465 Germaniciana
2128 1421 2188 1463 ut
2222 1420 2238 1444 ⁴
2257 1409 2607 1476 Illyricianis’
2641 1411 2765 1460 Sue-

1705 1492 1865 1552 tonio,
1888 1492 2012 1540 baut
2034 1490 2190 1539 dubie
2213 1502 2455 1549 germana
2473 1485 2637 1536 lectio
2656 1495 2763 1535 est:

1707 1583 1823 1632 qna
1858 1568 2083 1630 legiones
2119 1582 2150 1615 a
2177 1564 2491 1615 Germanico
2514 1563 2764 1625 Caligulae

1707 1652 1880 1706 patre,
1903 1652 1958 1693 et
1988 1643 2109 1708 quia
2142 1658 2208 1693 ex
2244 1638 2520 1691 Germanis
2559 1646 2768 1688 consta·

1708 1720 1852 1775 bant,
1884 1726 2230 1780 nuncupatae:
2266 1717 2443 1780 itaque
2483 1721 2645 1763 vocat
2677 1728 2768 1763 εω-

1708 1794 1822 1858 pius
1837 1794 2165 1857 Tranquillus
2184 1792 2309 1842 oth.
2333 1806 2379 1841 c.
2398 1795 2447 1840 8.
2467 1791 2564 1840 bac
2585 1790 2767 1839 eadem

1708 1872 1776 1919 de
1801 1883 1874 1917 re.
1937 1870 2073 1918 Vide
2094 1878 2147 1918 et
2173 1868 2344 1919 Galba
2365 1882 2412 1917 c.
2434 1871 2514 1917 20.
2559 1866 2770 1917 Tiberio

1708 1962 1755 1997 c.
1776 1951 1860 1996 2⁵.
1896 1954 1951 1995 et
1989 1945 2313 2009 Vespasiano
2349 1959 2396 1994 c.
2417 1948 2466 1993 6.
2503 1944 2592 1993 ubi
2627 1951 2687 1993 et
2708 1944 2770 1991 de

1707 2024 1961 2073 Moesiaco
1983 2023 2233 2071 exercitu.
2266 2020 2454 2075 Sciron.

1774 2101 1803 2163 ς
1836 2104 1864 2147 5
1905 2096 2205 2159 Cremonam]
2231 2097 2443 2146 Tacitus
2471 2095 2615 2145 Hist.
2640 2094 2774 2157 Aug.

1707 2174 1802 2226 lib.
1838 2190 1926 2225 ιιι.
2011 2174 2200 2239 Legati
2240 2180 2412 2222 autem
2451 2172 2648 2221 Arrius
2674 2174 2773 2221 Va·

1710 2266 1816 2311 rus,
1853 2253 2060 2301 Primus
2096 2250 2373 2313 Antonius,
2401 2256 2458 2299 et
2477 2250 2775 2298 Mucianus.

1714 2327 1904 2377 δώσει.

1778 2402 1964 2467 Ipsum]
1998 2402 2231 2452 Flavium
2254 2401 2519 2463 Sabinum,
2530 2416 2688 2466 quem
2708 2401 2778 2450 in·

1715 2495 1906 2531 ermem
1926 2495 2095 2546 neque
2110 2480 2285 2544 fugam
2303 2486 2644 2543 coeptantem,
2660 2493 2776 2528 cum

1713 2575 1743 2608 a
1766 2558 2118 2608 sordidissima
2141 2558 2305 2621 plebis
2320 2564 2470 2619 parte
2491 2555 2554 2605 ad
2581 2554 2777 2618 suppli-

1716 2637 1850 2684 cium
1877 2643 2164 2700 peteretur,
2179 2634 2424 2683 Vitellius
2445 2632 2656 2696 eripere
2681 2644 2777 2680 nou

1718 2709 1908 2775 potuit.
1961 2712 2148 2775 Neque
2163 2708 2454 2760 confossum
2470 2711 2779 2758 laceratum·

1718 2803 1819 2853 que
1838 2796 1893 2836 et
1912 2787 2138 2836 abscisso
2155 2788 2330 2848 capite
2347 2794 2585 2835 truncum
2602 2785 2654 2834 iu
2676 2784 2777 2833 Ge·

1718 2865 1913 2913 munias
1951 2871 2175 2913 tractum
2212 2862 2424 2911 Tacitus
2466 2868 2651 2911 narrat
2692 2859 2780 2908 lib.

1720 2953 1846 2992 xm.
1899 2939 2004 2992 Sed
2025 2939 2378 3003 Tranquillum
2401 2938 2640 3000 sequitur
2658 2936 2780 2984 Vic-

1720 3027 1821 3079 tor,
1840 3017 1928 3081 qui
1963 3028 2266 3080 oppressam
2299 3028 2551 3063 succenso
2582 3012 2779 3075 templo

1718 3091 1867 3143 Jovis
1904 3092 2034 3156 Opt.
2074 3092 2221 3141 Max.
2268 3090 2516 3160 Sabinum
2560 3089 2781 3152 exponit

1717 3168 1954 3225 Vitellio,
1977 3182 2026 3218 c.
2049 3171 2130 3217 15.
2165 3167 2349 3217 sehon.

1786 3247 1815 3309 ς
1836 3250 1869 3293 6
1886 3246 1935 3294 Ε
1952 3244 2168 3306 tugurio]
2203 3242 2482 3294 Suetonius
2502 3248 2517 3272 ⁴
2535 3241 2778 3290 cellulam

1712 3319 1986 3385 janitoris’
2023 3327 2196 3379 vocat,
2229 3318 2464 3367 Vitellio.
2527 3322 2542 3346 ‘
2570 3316 2779 3366 Puden·

1721 3399 1835 3446 dam
1859 3395 2138 3445 latebram'
2159 3393 2369 3444 Tacitus
2395 3392 2536 3442 Hist.
2560 3392 2779 3455 August.

1720 3489 1810 3524 ιιι.
1845 3474 2032 3524 Schote-

1789 3551 1896 3607 Quo
1916 3565 1966 3599 se
1984 3548 2251 3603 abdiderat,
2266 3545 2501 3606 janitoris
2519 3543 2693 3605 iniecto
2710 3545 2779 3592 ln·

1721 3642 1854 3690 queo,
1878 3624 1983 3688 ξω]
2022 3625 2246 3674 Laborat
2274 3622 2569 3671 distinctio:
2606 3621 2780 3669 malim

1721 3719 1810 3766 quo
1842 3717 1892 3752 se
1920 3702 2187 3759 abdiderat,
2208 3697 2440 3758 janitoris
2451 3713 2473 3754 ;
2509 3696 2679 3757 inu‘ecto
2711 3696 2779 3743 la·

1721 3793 1873 3842 queas
1898 3792 2014 3825 nam
2047 3777 2262 3838 laqueum
2281 3773 2517 3835 janitoris
2550 3787 2655 3821 non
2692 3786 2779 3832 ag-

1723 3868 1904 3902 nosco:
1931 3853 2173 3902 videatur
2187 3849 2513 3913 Tranquillus
2531 3863 2685 3911 capp.
2701 3851 2780 3895 16.

1725 3937 1779 3979 et
1802 3934 1881 3980 17.
1920 3929 2071 3977 Grnt.
2135 3926 2313 3990 Atque
2345 3927 2423 3973 ita
2451 3926 2587 3973 bunc
2612 3925 2777 3972 locum

1724 4006 1997 4070 distinguit
2029 4003 2269 4053 Bartbius
2305 3999 2529 4051 Advers.
2559 4013 2630 4050 m.
2662 4002 2778 4049 c..4.

1723 4083 1898 4133 Arata.

1793 4159 2034 4215 Quantum
2067 4155 2258 4220 quiaque
2290 4150 2530 4214 valwat]
2569 4155 2586 4180 ‘
2607 4150 2776 4200 Miuu-

1725 4236 1935 4285 tissimis
1963 4233 2152 4284 ictibus
2185 4228 2620 4293 excarnificatus,’
2650 4229 2775 4278 Sue·

1726 4320 1834 4362 ton.
1867 4310 2054 4361 &hotta
2118 4308 2313 4360 Melius
2332 4306 2607 4360 Suetonius
2628 4303 2774 4356 'raci-
