3025 4934
601 401 890 453 AURBL.
921 400 1118 449 vlo'r.
1151 399 1252 448 DB
1297 398 1738 450 oAEsuunus
1785 399 1950 449 0A11.
1996 399 2235 449 XXIX·

310 543 576 605 leetimest
598 542 726 607 Hs„
744 543 898 607 vulgo
918 548 1184 605 corrupte.
1235 541 1380 593 Male

310 621 521 685 putavit
544 635 762 685 magnus
784 620 1057 670 Bentleius
1078 617 1148 668 ad
1171 619 1378 671 Phaedr.

310 699 441 750 Fab.
459 711 555 750 ιιι.
572 703 626 750 4.
646 699 947 764 et=Ryckius
968 698 1031 747 ad
1054 698 1222 748 Tacit.
1243 696 1380 747 Anu.

309 788 443 825 xtu-
483 779 566 826 17.
611 782 627 805 ⁸
643 776 901 825 aestirnare
922 773 940 799 ’
980 773 1205 824 nondum
1249 780 1380 823 tem-

313 850 533 914 poribus
552 849 720 900 Taciti
734 864 827 914 pro
847 848 1148 899 existimare
1167 847 1382 899 dixisse.

314 927 580 993 Exempla
603 932 723 992 post
761 926 902 975 viros
925 925 1107 976 doctos
1129 939 1233 974 nou
1258 940 1380 975 cou-

314 1018 447 1069 gero
463 1019 480 1052 ε
499 1018 566 1053 ex
580 1002 751 1054 multis
766 1000 963 1052 vidisse
983 1000 1108 1051 satis
1124 999 1189 1051 sit
1202 1000 1383 1051 Davis-

314 1079 384 1129 ad
411 1079 611 1129 Cesar.
633 1077 773 1128 Bell.
812 1077 928 1128 Civ-
957 1074 1044 1127 ιἰι.
1072 1079 1159 1126 96.
1192 1083 1247 1126 et
1269 1080 1384 1126 102.

316 1156 469 1204 Cort.
492 1156 557 1204 ad
582 1154 708 1204 Sall.
729 1154 884 1204 Catil.
906 1167 1025 1216 cap.
1047 1157 1096 1202 8.
1116 1154 1146 1216 §
1166 1156 1217 1202 2.
1249 1153 1384 1202 Bur·

311 1242 496 1281 mauu.
531 1228 846 1280 ad‘Phoedr.
885 1231 986 1281 loc.
1021 1228 1160 1280 laud.
1194 1227 1387 1280 Scbeff.

313 1305 388 1355 ad
411 1305 556 1356 Just.
577 1320 667 1356 ιιι.
689 1310 740 1355 7.
763 1308 792 1371 ς
812 1311 863 1357 4.
885 1315 943 1357 et
967 1319 1026 1356 x.
1052 1310 1098 1355 1.
1119 1308 1147 1371 ς
1171 1309 1221 1357 8.
1254 1308 1387 1357 Ara-

315 1383 528 1432 asenias.

392 1457 584 1522 Quippe
602 1457 872 1509 conditione
890 1459 982 1508 loci
996 1461 1199 1515 munta,
1214 1456 1389 1522 peiori-

315 1533 638 1596 busflagitis's
652 1533 846 1598 agitur]
886 1535 1019 1584 Vide
1043 1535 1168 1584 Lam
1177 1534 1313 1598 prid.
1333 1534 1388 1584 in

315 1610 628 1667 Alexandro
679 1612 898 1663 Severo.
950 1611 1112 1660 Anne.
1198 1611 1389 1676 Capite

321 1688 536 1738 scilicet
555 1691 639 1738 24.
668 1687 847 1739 Arata.

390 1765 422 1828 ς
454 1766 489 1812 8
520 1765 678 1814 Bonis
707 1769 847 1828 purte
862 1765 1073 1828 plurima
1090 1762 1389 1828 jacentibus]

318 1840 449 1897 Hoc
473 1846 575 1903 est,
594 1840 871 1890 virtutibus
887 1847 1027 1904 perte
1043 1840 1255 1904 plurima
1270 1853 1391 1902 pro·

319 1915 526 1967 stratis.
578 1916 741 1966 Am.
809 1915 909 1964 Vel
952 1916 1125 1979 potius
1157 1915 1174 1943 ⁴
1198 1913 1358 1963 bonos
1373 1911 1390 1935 ’

320 1991 551 2054 opponit
579 1992 595 2019 ‘
614 1990 925 2040 mollissimis
943 1989 959 2012 ’
1007 1998 1065 2041 et
1105 1988 1392 2040 bominibus

318 2067 568 2132 perditis*-
597 2066 775 2118 Arata.

306 2158 315 2165 ·
395 2145 424 2208 ξ
456 2147 491 2193 9
523 2143 717 2194 Pudore
749 2143 941 2201 misso,
979 2149 1138 2194 taurea
1165 2143 1393 2206 fortuna·

318 2219 432 2284 tas]
465 2220 690 2284 Egregie
709 2237 724 2267 ε
761 2220 881 2270 binc
904 2226 961 2270 et
984 2219 1232 2270 Lucretia
1252 2216 1395 2282 apud

321 2294 537 2347 Livium
565 2309 605 2344 ι.
639 2298 722 2344 68.
745 2303 931 2359 rogata
959 2296 976 2323 ‘
996 2295 1150 2345 satin'
1185 2296 1343 2347 salvae
1355 2294 1394 2347 ?'

323 2383 342 2403 ‘
364 2369 617 2428 minime‚’
648 2371 853 2437 inquit:
891 2378 907 2401 ⁸
927 2371 1051 2435 quid
1092 2372 1227 2420 enim
1266 2369 1397 2422 salvi

322 2454 413 2498 est
433 2447 636 2496 mulieri
661 2447 847 2497 amissa
868 2446 1120 2510 pudicitia
1137 2447 1176 2496 θ’
1199 2461 1229 2496 a
1250 2447 1397 2511 cujus

322 2521 562 2572 moribus
575 2521 757 2571 mirum
778 2530 1026 2585 quantum
1041 2523 1245 2572 diversa
1255 2522 1399 2572 Sern-

323 2599 519 2665 pronia
547 2599 686 2663 apud
723 2598 941 2649 Sallust.
981 2598 1195 2649 Catiliu.
1230 2614 1281 2650 c.
1315 2603 1396 2651 26.

323 2678 344 2704 ‘
360 2676 413 2724 ei
449 2674 649 2725 cariora
680 2689 892 2738 semper
912 2675 1104 2738 omnia,
1133 2689 1284 2739 quam
1309 2674 1401 2724 de·

325 2767 422 2802 cus
441 2758 601 2815 atque
627 2748 881 2813 pudicitia
903 2748 1041 2807 fuit:
1062 2752 1162 2799 ὅτε.
1195 2749 1346 2799 Grut-

397 2828 426 2891 ξ
462 2829 523 2875 11
547 2825 708 2875 Filius
730 2824 1043 2891 interficitur]
1079 2826 1278 2877 Contra
1299 2825 1403 2875 Zo-

326 2903 490 2952 simus
510 2900 673 2951 filium
697 2915 816 2951 curu
841 2909 993 2966 patre
1016 2903 1068 2951 in
1094 2903 1276 2966 praelio
1298 2918 1404 2953 cn·

327 2993 446 3029 sum
482 2977 627 3028 dicit.
660 2977 825 3028 Am.
888 2977 994 3028 Sed
1021 2979 1084 3028 ab
1109 2980 1403 3042 interprete

327 3055 530 3107 Zosimi
566 3055 618 3105 iu
655 3066 884 3106 errorem
924 3055 1148 3105 abducta
1172 3063 1255 3106 est
1279 3055 1401 3105 doc·

330 3133 449 3181 tiss.
482 3129 692 3194 femina,
734 3132 788 3180 iu
822 3130 1015 3182 Graeco
1063 3131 1205 3180 enim
1250 3138 1402 3181 textu

328 3210 591 3276 praecedit
611 3217 816 3275 patrem
839 3224 957 3259 curn
981 3210 1158 3260 multis
1196 3211 1248 3260 iu
1271 3224 1405 3274 prae-

328 3292 406 3341 lio
429 3290 700 3352 cecidisse,
720 3296 777 3339 et
796 3289 988 3339 deinde
1011 3288 1165 3338 etiam
1189 3289 1404 3355 periisse

330 3365 498 3415 filium
515 3382 531 3416 z
548 3364 762 3414 ''ts-soor
770 3363 966 3426 πολλοὶ,
987 3363 1070 3413 καὶ
1090 3362 1234 3413 αὐτὸς
1245 3362 1300 3423 ,δὲ
1318 3362 1407 3414 σὺν

333 3443 498 3493 αὐτοῖς
536 3440 813 3506 ἀναιρεῖται,
839 3440 919 3492 καὶ
952 3443 1041 3490 τοῦ
1080 3441 1244 3491 παιδὸς
1285 3442 1405 3492 ἄπο·

334 3517 633 3583 σφαγέντος.
687 3520 756 3569 Et
775 3518 873 3567 boc
888 3517 1199 3568 confirmant
1215 3519 1407 3569 Eutro-

334 3597 479 3659 pius,
498 3594 738 3652 Orosius,
756 3594 1034 3659 Eusebius,
1052 3595 1410 3658 Cassiodorus,

337 3672 546 3736 aliique.
581 3671 759 3721 Anu.

340 3780 349 3787 ⁴
399 3748 572 3798 Arsaos
588 3747 816 3811 potentia
833 3747 1060 3813 quinque]
1098 3748 1293 3812 Septem
1312 3761 1408 3797 nu·

338 3833 509 3873 suerat
530 3822 751 3873 Orosius
774 3828 831 3873 et
849 3823 1165 3875 Jornaudes.
1194 3823 1371 3874 Arntz.

398 3901 542 3952 Cat».
582 3912 747 3949 xxix.
790 3901 818 3963 ᾧ
863 3903 890 3949 1
925 3899 1223 3963 Loets'vrqae]
1273 3898 1409 3949 Vide

337 3990 404 4027 au
441 3990 546 4024 non
579 3976 764 4025 melius
799 3976 1077 4025 senteniiae
1102 3975 1411 4039 satisfaciat,

339 4054 383 4103 si
426 4067 522 4115 pro
563 4051 807 4115 loetiorque
853 4051 1189 4114 transpositis
1225 4051 1412 4101 litteris

335 4130 602 4191 elutior-que
614 4127 948 4190 refingnmus.
985 4129 1069 4176 De
1083 4128 1198 4176 Vir.
1212 4127 1414 4179 Illustr.

337 4219 459 4267 cap.
496 4209 581 4255 24.
614 4205 644 4268 ς
674 4208 725 4254 5.
762 4203 998 4254 Pricaeus
1030 4202 1095 4254 ad
1143 4217 1210 4256 ιι.
1247 4204 1416 4268 Epist.

336 4281 407 4332 ad
431 4279 657 4332 Timoth.
681 4293 800 4344 cap.
824 4292 912 4331 ιιι.
936 4294 1011 4329 vs.
1032 4283 1086 4330 2.
1104 4278 1224 4331 Val.
1244 4279 1414 4330 Maxi-

2386 386 2519 452 739

1454 555 1570 595 mus
1603 555 1683 592 rx.
1724 547 1774 592 6.
1805 555 1891 592 ex.
1937 547 2048 592 ext.
2079 546 2131 593 8.
2179 547 2197 572 ‘
2223 542 2512 593 Cannensis

1456 632 1646 682 pugne
1669 631 1907 668 successu
1930 616 2140 668 elatus.’
2168 618 2346 669 Arata.

1521 695 1606 757 §2
1637 694 1918 759 dotopians']
1952 693 2180 744 casaub.
2202 693 2271 745 de
2303 693 2519 745 defectu

1455 769 1687 821 historin
1732 771 1871 822 iuter
1910 770 2228 822 Gordianum
2272 778 2328 821 et
2364 771 2521 822 Vale·

1456 847 1682 904 risuum,
1700 862 1816 911 quo
1839 847 2085 911 leguntur
2103 854 2223 913 post
2242 854 2393 897 notas
2412 849 2525 911 ejus

1455 923 1523 973 ad
1548 923 1721 987 Capit.
1748 924 1923 974 Vitam
1954 926 2099 976 Max.
2120 931 2179 974 et
2209 924 2364 976 Balb.
2389 927 2522 975 Δηι-

1459 999 1661 1049 taenias.

1527 1074 1653 1139 Ora]
1685 1074 1794 1125 Pro
1826 1074 2001 1141 capite
2037 1076 2186 1135 dixit,
2216 1084 2277 1129 ut
2310 1084 2365 1127 et
2398 1076 2524 1127 alibi

1460 1151 1820 1215 Capitoliumn
1854 1154 1997 1203 locus
2019 1161 2196 1203 tamen
2218 1168 2320 1204 nou
2339 1169 2522 1204 occur-

1461 1226 1547 1277 rit.
1609 1227 1697 1278 Sic
1728 1236 1846 1292 post
1878 1230 2050 1293 paullo
2082 1227 2391 1280 ‘nobilitas’
2427 1243 2526 1294 pro

1461 1310 1645 1352 senatu
1691 1311 1748 1354 et
1791 1306 2024 1368 patribus
2065 1305 2338 1370 accipitur,
2374 1314 2434 1356 ut
2467 1314 2527 1356 et

1462 1394 1623 1445 supra
1642 1380 1913 1431 Gordiano
1932 1381 2041 1432 filio
2062 1389 2118 1432 et
2139 1381 2236 1431 inf.
2257 1381 2525 1446 Gallieno,

1461 1458 1845 1521 opponiturque
1900 1456 2148 1507 militibus
2192 1462 2251 1507 et
2299 1457 2528 1507 cohorti·

1462 1532 1562 1583 bus
1606 1533 1877 1598 pmtoriis.
1955 1534 2086 1584 Mox
2125 1548 2325 1597 pomus
2366 1534 2528 1584 videri

1462 1613 1662 1674 malim,
1702 1626 1855 1676 quam
1894 1627 2083 1676 pareas.
2124 1612 2331 1661 Schott.
2407 1612 2533 1662 Nou

1465 1696 1583 1737 erat
1596 1687 1948 1751 insigniendus
1965 1689 2108 1738 locus
2125 1687 2372 1738 asterisco
2382 1686 2413 1716 ⁶
2429 1703 2533 1750 oro,

1463 1766 1548 1827 ξι.
1595 1766 1767 1815 omnia
1810 1765 2007 1830 quippe
2060 1766 2343 1815 coherent.
2428 1765 2536 1814 Oro

1466 1842 1605 1891 enim
1650 1854 1748 1904 pro
1793 1836 1905 1905 ipso
1961 1842 2140 1903 capite
2181 1845 2417 1905 usurpat,
2472 1849 2533 1889 ut

1468 1918 1812 1982 Capitolinus.
1844 1919 1948 1976 alii,
1971 1920 2107 1968 sicut
2140 1926 2285 1969 recte
2319 1926 2535 1968 annota-

1468 2002 1581 2046 tum
1621 2008 1655 2043 a
1692 1995 1927 2045 Schotto.
1970 1994 2122 2044 (έναι.
2188 1994 2373 2059 virgil.
2414 1994 2532 2045 AEn.

1469 2082 1595 2121 vm.
1619 2075 1732 2121 196.
1762 2070 1780 2098 ‘
1795 2071 2116 2134 Foribusque
2151 2068 2326 2119 adlisa
2352 2083 2535 2133 super-

1466 2148 1551 2196 bis
1571 2147 1686 2198 Ora
1705 2147 1871 2196 virum
1895 2147 2036 2196 tristi
2066 2144 2362 2210 pendebant
2385 2145 2536 2209 palli·

1470 2225 1541 2275 da
1563 2224 1735 2276 taboz'
1766 2224 1856 2275 ubi
1875 2223 2106 2280 Servius.
2122 2230 2137 2252 ⁸
2152 2222 2265 2272 Ora
2281 2223 2463 2286 virum,
2479 2221 2536 2272 id

1470 2309 1573 2362 est,
1596 2299 1807 2365 capital
1851 2300 2089 2349 Lucanus
2109 2313 2174 2349 ιι.
2196 2302 2310 2349 122.
2331 2305 2348 2330 ‘
2367 2299 2533 2364 Cujus

1468 2376 1653 2427 laceris
1699 2375 1982 2440 pendentia
2026 2375 2170 2426 canis
2211 2374 2324 2425 Ora
2360 2373 2537 2426 ferens

1469 2453 1620 2501 miles
1636 2450 1787 2502 festae
1807 2451 2038 2501 rorantia
2056 2465 2244 2501 mensoe
2260 2450 2538 2515 Inposuit.'

1471 2543 1556 2580 lx.
1577 2532 1691 2578 138.
1712 2535 1768 2578 et
1786 2532 1901 2579 279.
1921 2534 1937 2557 ⁸
1956 2527 2153 2578 Nostra
2173 2541 2381 2592 quoque
2403 2528 2538 2577 invi-

1472 2600 1530 2655 so
1560 2605 1791 2671 quisquis
1829 2602 1972 2654 feret
2001 2618 2094 2654 ora
2126 2602 2386 2668 tyranno-⁹
2454 2604 2537 2653 Ex

1472 2683 1660 2748 quibus
1702 2682 1854 2732 simul
1898 2687 2065 2746 patet,
2100 2681 2303 2732 abscisa
2346 2681 2539 2731 ducum

1472 2757 1885 2808 adversariorum
1919 2757 2095 2820 capita
2128 2756 2416 2808 victoribus
2448 2757 2540 2807 ob-

1473 2834 1579 2883 lata
1599 2832 1776 2882 fuisse.
1807 2832 1988 2883 Arata.

1538 2909 1685 2958 Lucio
1704 2907 1899 2971 Prisco]
1926 2906 2029 2957 Sed
2049 2907 2198 2957 multi
2217 2907 2372 2957 talem
2392 2921 2541 2957 uum·

1472 2996 1610 3033 mum
1638 2982 1813 3032 videre
1846 2996 1963 3032 cum
1992 2983 2305 3046 Spaubemio
2337 2982 2403 3031 de
2428 2982 2542 3032 Usu

1473 3059 1633 3109 Num.
1655 3058 1793 3107 Diss.
1817 3070 1902 3108 ιι.
1925 3073 1977 3121 p.
1997 3061 2112 3107 254.
2176 3058 2418 3107 Fortasse
2447 3057 2541 3106 de·

1473 3133 1780 3185 siderabuut
1817 3131 2034 3189 frustra,
2075 3133 2215 3198 apud
2249 3147 2399 3198 quem
2441 3135 2544 3183 alia

1474 3212 1641 3261 multa
1675 3211 1729 3259 iu
1755 3210 1953 3261 Nostro
1983 3211 2081 3259 boc
2115 3216 2171 3259 et
2200 3210 2437 3274 sequenti
2459 3225 2543 3260 ca·

1475 3289 1588 3354 pite
1609 3288 1780 3338 lucem
1804 3287 2098 3350 accipiunt.
2122 3287 2296 3338 Arata.

1542 3367 1621 3430 §8
1653 3365 1821 3415 Julius
1863 3364 2062 3430 Valens]
2110 3364 2400 3414 Liciniam
2434 3367 2544 3414 vul-

1478 3452 1603 3507 gata
1625 3442 1884 3506 Epitomae
1909 3440 2091 3491 editio.
2123 3441 2311 3491 Schott.
2378 3442 2544 3491 Phra·

1476 3519 1549 3568 sis
1594 3532 1710 3583 quoe
1766 3517 2021 3581 sequitur,
2056 3516 2378 3566 Sallustiana
2424 3517 2547 3581 διες.

1476 3597 1699 3657 cap..84.
1722 3595 1756 3658 ς
1776 3598 1823 3643 l.
1841 3594 1858 3619 ⁴
1879 3593 1954 3642 At
1979 3592 2179 3642 Marius
2212 3594 2545 3658 cupientissi-

1478 3683 1564 3719 ma
1585 3669 1738 3733 plebe
1758 3669 1936 3718 consul
1960 3665 2170 3717 factus.’
2203 3667 2394 3719 Arata.

1542 3745 1573 3807 ξ
1591 3749 1623 3793 4
1656 3745 1999 3805 Brutiftmtde
2013 3744 2247 3808 cecidere]
2280 3746 2367 3795 Sic
2385 3744 2545 3796 etiarn

1479 3821 1783 3883 Eutropius,
1799 3820 1890 3870 sed
1916 3835 2220 3884 perperam:
2251 3822 2387 3884 quod
2406 3820 2546 3869 enim

1479 3894 1666 3945 mirum
1687 3903 1789 3956 cst,
1808 3910 1999 3947 nomen
2031 3897 2133 3946 loci
2168 3896 2223 3945 iu
2246 3910 2429 3945 nomen
2452 3896 2547 3943 ho·

1480 3972 1636 4022 minis
1654 3970 1908 4022 descivit?
1939 3971 1993 4020 in
2015 3970 2218 4021 Abtuto
2241 3970 2376 4020 euim
2397 3971 2553 4020 Decii

1483 4049 1703 4112 periere,
1726 4054 1786 4098 ut
1809 4049 1979 4112 liquet
2001 4062 2067 4098 ex
2091 4046 2299 4098 Geticis
2319 4038 2548 4100 Jornau-

1483 4124 1587 4187 dis,
1603 4139 1669 4174 ex
1688 4124 2013 4187 Cassiodoro,
2025 4130 2083 4174 et
2104 4124 2314 4174 Eusebii
2333 4125 2549 4176 Chroni-

1483 4217 1569 4268 co,
1595 4203 1685 4254 ubi
1720 4204 2020 4255 consulatur
2055 4210 2234 4254 noster
2267 4204 2356 4253 ille
2386 4204 2550 4253 Sosii·-

1487 4293 1600 4344 ger.
1635 4280 1785 4331 Grat.
1852 4279 1974 4332 Nou
2020 4280 2260 4345 iuspecto
2294 4279 2560 4344 Eutropio.
