<?xml version="1.0" encoding="UTF-8"?>
<!DOCTYPE html PUBLIC "-//W3C//DTD XHTML 1.0 Transitional//EN"
    "http://www.w3.org/TR/xhtml1/DTD/xhtml1-transitional.dtd">
<html xmlns="http://www.w3.org/1999/xhtml" xml:lang="en" lang="en">
 <head>
  <title>
</title>
<meta http-equiv="Content-Type" content="text/html;charset=utf-8" />
  <meta name='ocr-system' content='tesseract 3.04.00' />
  <meta name='ocr-capabilities' content='ocr_page ocr_carea ocr_par ocr_line ocrx_word'/>
</head>
<body>
  <div class='ocr_page' id='page_1' title='image "./sextiaureliivic00valpgoog_0120.png"; bbox 0 0 3025 4934; ppageno 0'>
   <div class='ocr_carea' id='block_1_1' title="bbox 536 359 667 442">
    <p class='ocr_par' dir='ltr' id='par_1_1' title="bbox 536 359 667 442">
     <span class='ocr_line' id='line_1_1' title="bbox 536 359 667 442; baseline -0.031 -18"><span class='ocrx_word' id='word_1_1' title='bbox 536 359 667 442; x_wconf 74' lang='lat'>564</span> 
     </span>
    </p>
   </div>
   <div class='ocr_carea' id='block_1_2' title="bbox 424 516 1600 4328">
    <p class='ocr_par' dir='ltr' id='par_1_2' title="bbox 528 516 1600 1104">
     <span class='ocr_line' id='line_1_2' title="bbox 535 516 1600 582; baseline 0.006 -16"><span class='ocrx_word' id='word_1_2' title='bbox 535 516 773 568; x_wconf 78' lang='lat' dir='ltr'>historici</span> <span class='ocrx_word' id='word_1_3' title='bbox 791 517 990 582; x_wconf 83' lang='lat' dir='ltr'>aliquot</span> <span class='ocrx_word' id='word_1_4' title='bbox 1013 519 1142 570; x_wconf 82' lang='lat' dir='ltr'>Mss.</span> <span class='ocrx_word' id='word_1_5' title='bbox 1159 526 1213 569; x_wconf 92' lang='lat' dir='ltr'>et</span> <span class='ocrx_word' id='word_1_6' title='bbox 1245 520 1480 571; x_wconf 59' lang='lat' dir='ltr'>Vei-aerim</span> <span class='ocrx_word' id='word_1_7' title='bbox 1507 521 1600 572; x_wconf 73' lang='lat' dir='ltr'>ali·</span> 
     </span>
     <span class='ocr_line' id='line_1_3' title="bbox 538 591 1599 659; baseline 0.006 -15"><span class='ocrx_word' id='word_1_8' title='bbox 538 607 624 644; x_wconf 83' lang='lat' dir='ltr'>um</span> <span class='ocrx_word' id='word_1_9' title='bbox 663 591 873 644; x_wconf 77' lang='lat' dir='ltr'>fluvium</span> <span class='ocrx_word' id='word_1_10' title='bbox 910 597 1198 659; x_wconf 76' lang='lat' dir='ltr'>appellant.</span> <span class='ocrx_word' id='word_1_11' title='bbox 1265 598 1449 650; x_wconf 86' lang='lat' dir='ltr'>Nostri</span> <span class='ocrx_word' id='word_1_12' title='bbox 1471 613 1599 650; x_wconf 83' lang='lat' dir='ltr'>vero</span> 
     </span>
     <span class='ocr_line' id='line_1_4' title="bbox 535 668 1598 738; baseline 0.005 -19"><span class='ocrx_word' id='word_1_13' title='bbox 535 668 722 732; x_wconf 84' lang='lat' dir='ltr'>scripti</span> <span class='ocrx_word' id='word_1_14' title='bbox 743 669 869 719; x_wconf 86' lang='lat' dir='ltr'><strong>libb.</strong></span> <span class='ocrx_word' id='word_1_15' title='bbox 900 671 984 733; x_wconf 76' lang='lat' dir='ltr'>qui</span> <span class='ocrx_word' id='word_1_16' title='bbox 1016 686 1165 735; x_wconf 76' lang='lat' dir='ltr'>nuper</span> <span class='ocrx_word' id='word_1_17' title='bbox 1192 672 1444 735; x_wconf 74' lang='lat' dir='ltr'>indulgens</span> <span class='ocrx_word' id='word_1_18' title='bbox 1465 689 1598 738; x_wconf 72' lang='lat' dir='ltr'>proe-</span> 
     </span>
     <span class='ocr_line' id='line_1_5' title="bbox 531 745 1596 810; baseline 0.006 -14"><span class='ocrx_word' id='word_1_19' title='bbox 531 745 733 806; x_wconf 78' lang='lat' dir='ltr'>ferunt,</span> <span class='ocrx_word' id='word_1_20' title='bbox 749 753 805 795; x_wconf 89' lang='lat' dir='ltr'>et</span> <span class='ocrx_word' id='word_1_21' title='bbox 827 747 1023 810; x_wconf 75' lang='lat' dir='ltr'>vulgati</span> <span class='ocrx_word' id='word_1_22' title='bbox 1045 750 1171 797; x_wconf 79' lang='lat' dir='ltr'>idem</span> <span class='ocrx_word' id='word_1_23' title='bbox 1185 750 1379 799; x_wconf 78' lang='lat' dir='ltr'>acerbus</span> <span class='ocrx_word' id='word_1_24' title='bbox 1398 755 1448 800; x_wconf 78' lang='lat' dir='ltr'>et</span> <span class='ocrx_word' id='word_1_25' title='bbox 1465 766 1596 802; x_wconf 79' lang='lat' dir='ltr'>seve-</span> 
     </span>
     <span class='ocr_line' id='line_1_6' title="bbox 532 824 1600 888; baseline 0.003 -14"><span class='ocrx_word' id='word_1_26' title='bbox 532 837 635 883; x_wconf 68' lang='lat' dir='ltr'>rus,</span> <span class='ocrx_word' id='word_1_27' title='bbox 650 836 801 874; x_wconf 78' lang='lat' dir='ltr'>secus</span> <span class='ocrx_word' id='word_1_28' title='bbox 819 824 969 885; x_wconf 73' lang='lat' dir='ltr'>longe</span> <span class='ocrx_word' id='word_1_29' title='bbox 992 830 1147 888; x_wconf 84' lang='lat' dir='ltr'>atque</span> <span class='ocrx_word' id='word_1_30' title='bbox 1172 826 1387 875; x_wconf 88' lang='lat' dir='ltr'>Nonius.</span> <span class='ocrx_word' id='word_1_31' title='bbox 1421 826 1600 877; x_wconf 64' lang='lat' dir='ltr'>Schot-</span> 
     </span>
     <span class='ocr_line' id='line_1_7' title="bbox 528 897 1594 953; baseline 0.002 -4"><span class='ocrx_word' id='word_1_32' title='bbox 528 906 626 949; x_wconf 71' lang='lat' dir='ltr'>tus.</span> <span class='ocrx_word' id='word_1_33' title='bbox 692 897 887 952; x_wconf 79' lang='lat' dir='ltr'>Confer</span> <span class='ocrx_word' id='word_1_34' title='bbox 910 902 1356 952; x_wconf 68' lang='lat' dir='ltr'>commentatores</span> <span class='ocrx_word' id='word_1_35' title='bbox 1378 902 1443 952; x_wconf 86' lang='lat' dir='ltr'>ad</span> <span class='ocrx_word' id='word_1_36' title='bbox 1464 904 1594 953; x_wconf 77' lang='lat' dir='ltr'>San.</span> 
     </span>
     <span class='ocr_line' id='line_1_8' title="bbox 532 976 1593 1042; baseline 0.006 -17"><span class='ocrx_word' id='word_1_37' title='bbox 532 976 690 1026; x_wconf 83' lang='lat' dir='ltr'>Catil.</span> <span class='ocrx_word' id='word_1_38' title='bbox 712 991 763 1027; x_wconf 85' lang='lat' dir='ltr'>e.</span> <span class='ocrx_word' id='word_1_39' title='bbox 779 982 862 1026; x_wconf 80' lang='lat'>65.</span> <span class='ocrx_word' id='word_1_40' title='bbox 886 993 938 1042; x_wconf 91' lang='lat' dir='ltr'>p.</span> <span class='ocrx_word' id='word_1_41' title='bbox 964 982 1077 1030; x_wconf 78' lang='grc'><strong>179.</strong></span> <span class='ocrx_word' id='word_1_42' title='bbox 1111 979 1242 1028; x_wconf 83' lang='lat' dir='ltr'>edit.</span> <span class='ocrx_word' id='word_1_43' title='bbox 1264 979 1429 1029; x_wconf 86' lang='lat' dir='ltr'>Wass.</span> <span class='ocrx_word' id='word_1_44' title='bbox 1458 978 1593 1031; x_wconf 73' lang='lat' dir='ltr'>Arn-</span> 
     </span>
     <span class='ocr_line' id='line_1_9' title="bbox 531 1052 733 1104; baseline 0 -1"><span class='ocrx_word' id='word_1_45' title='bbox 531 1052 733 1104; x_wconf 62' lang='lat' dir='ltr'>uenum</span> 
     </span>
    </p>

    <p class='ocr_par' dir='ltr' id='par_1_3' title="bbox 527 1128 1592 1336">
     <span class='ocr_line' id='line_1_10' title="bbox 595 1128 1591 1192; baseline 0.002 -13"><span class='ocrx_word' id='word_1_46' title='bbox 595 1128 891 1192; x_wconf 61' lang='lat' dir='ltr'>Pugnant]</span> <span class='ocrx_word' id='word_1_47' title='bbox 923 1129 1074 1180; x_wconf 80' lang='lat' dir='ltr'>Licet</span> <span class='ocrx_word' id='word_1_48' title='bbox 1111 1130 1275 1180; x_wconf 82' lang='lat' dir='ltr'>vietor</span> <span class='ocrx_word' id='word_1_49' title='bbox 1307 1130 1460 1181; x_wconf 86' lang='lat' dir='ltr'>inde:</span> <span class='ocrx_word' id='word_1_50' title='bbox 1496 1147 1591 1181; x_wconf 82' lang='lat' dir='ltr'>un-</span> 
     </span>
     <span class='ocr_line' id='line_1_11' title="bbox 529 1204 1592 1271; baseline 0.008 -19"><span class='ocrx_word' id='word_1_51' title='bbox 529 1204 595 1260; x_wconf 85' lang='lat' dir='ltr'>de</span> <span class='ocrx_word' id='word_1_52' title='bbox 631 1205 852 1269; x_wconf 81' lang='lat' dir='ltr'>imperia</span> <span class='ocrx_word' id='word_1_53' title='bbox 887 1207 1155 1256; x_wconf 79' lang='lat' dir='ltr'>Manliana</span> <span class='ocrx_word' id='word_1_54' title='bbox 1189 1207 1414 1271; x_wconf 86' lang='lat' dir='ltr'>superba</span> <span class='ocrx_word' id='word_1_55' title='bbox 1447 1207 1592 1259; x_wconf 81' lang='lat' dir='ltr'>dieta</span> 
     </span>
     <span class='ocr_line' id='line_1_12' title="bbox 527 1279 955 1336; baseline 0.016 -7"><span class='ocrx_word' id='word_1_56' title='bbox 527 1279 697 1332; x_wconf 82' lang='lat' dir='ltr'>fuere.</span> <span class='ocrx_word' id='word_1_57' title='bbox 726 1282 899 1332; x_wconf 66' lang='lat' dir='ltr'>Mach-</span> <span class='ocrx_word' id='word_1_58' title='bbox 944 1321 955 1336; x_wconf 77' lang='grc'><em>,</em></span> 
     </span>
    </p>

    <p class='ocr_par' dir='ltr' id='par_1_4' title="bbox 509 1358 1591 2941">
     <span class='ocr_line' id='line_1_13' title="bbox 589 1358 1590 1422; baseline 0.008 -17"><span class='ocrx_word' id='word_1_59' title='bbox 589 1358 618 1419; x_wconf 79' lang='lat'>§</span> <span class='ocrx_word' id='word_1_60' title='bbox 652 1363 682 1406; x_wconf 83' lang='lat'><strong>6</strong></span> <span class='ocrx_word' id='word_1_61' title='bbox 721 1358 1030 1408; x_wconf 69' lang='lat' dir='ltr'><strong><em>Consulatum</em></strong></span> <span class='ocrx_word' id='word_1_62' title='bbox 1070 1358 1331 1422; x_wconf 65' lang='lat' dir='ltr'>recussit]</span> <span class='ocrx_word' id='word_1_63' title='bbox 1367 1360 1590 1414; x_wconf 85' lang='lat' dir='ltr'>Recedit</span> 
     </span>
     <span class='ocr_line' id='line_1_14' title="bbox 527 1433 1585 1496; baseline 0.003 -12"><span class='ocrx_word' id='word_1_64' title='bbox 527 1433 594 1484; x_wconf 78' lang='lat' dir='ltr'>ab</span> <span class='ocrx_word' id='word_1_65' title='bbox 625 1434 861 1485; x_wconf 79' lang='lat' dir='ltr'>historiae</span> <span class='ocrx_word' id='word_1_66' title='bbox 897 1436 1143 1496; x_wconf 87' lang='lat' dir='ltr'>veritate,</span> <span class='ocrx_word' id='word_1_67' title='bbox 1178 1436 1380 1485; x_wconf 80' lang='lat' dir='ltr'>recedit</span> <span class='ocrx_word' id='word_1_68' title='bbox 1402 1452 1435 1486; x_wconf 88' lang='lat' dir='ltr'>a</span> <span class='ocrx_word' id='word_1_69' title='bbox 1457 1446 1585 1487; x_wconf 79' lang='lat' dir='ltr'>tem·</span> 
     </span>
     <span class='ocr_line' id='line_1_15' title="bbox 523 1512 1589 1578; baseline 0.006 -18"><span class='ocrx_word' id='word_1_70' title='bbox 523 1525 681 1574; x_wconf 76' lang='lat' dir='ltr'>pore:</span> <span class='ocrx_word' id='word_1_71' title='bbox 717 1525 861 1575; x_wconf 75' lang='lat' dir='ltr'>soepe</span> <span class='ocrx_word' id='word_1_72' title='bbox 893 1512 1031 1561; x_wconf 84' lang='lat' dir='ltr'>enim</span> <span class='ocrx_word' id='word_1_73' title='bbox 1066 1513 1384 1563; x_wconf 80' lang='lat' dir='ltr'>consulatum</span> <span class='ocrx_word' id='word_1_74' title='bbox 1409 1515 1589 1578; x_wconf 74' lang='lat' dir='ltr'>gessit,</span> 
     </span>
     <span class='ocr_line' id='line_1_16' title="bbox 522 1588 1587 1655; baseline 0.006 -20"><span class='ocrx_word' id='word_1_75' title='bbox 522 1591 617 1637; x_wconf 85' lang='lat' dir='ltr'>sed</span> <span class='ocrx_word' id='word_1_76' title='bbox 656 1588 1003 1651; x_wconf 76' lang='lat' dir='ltr'>posteriorum</span> <span class='ocrx_word' id='word_1_77' title='bbox 1025 1590 1254 1653; x_wconf 78' lang='lat' dir='ltr'>qnidam,</span> <span class='ocrx_word' id='word_1_78' title='bbox 1273 1598 1329 1638; x_wconf 88' lang='lat' dir='ltr'>et</span> <span class='ocrx_word' id='word_1_79' title='bbox 1350 1592 1587 1655; x_wconf 75' lang='lat' dir='ltr'>gentilis,</span> 
     </span>
     <span class='ocr_line' id='line_1_17' title="bbox 519 1665 1586 1733; baseline 0.004 -19"><span class='ocrx_word' id='word_1_80' title='bbox 519 1666 579 1714; x_wconf 86' lang='lat' dir='ltr'>T.</span> <span class='ocrx_word' id='word_1_81' title='bbox 616 1665 840 1716; x_wconf 81' lang='lat' dir='ltr'>Manlius</span> <span class='ocrx_word' id='word_1_82' title='bbox 873 1666 934 1714; x_wconf 88' lang='lat' dir='ltr'>T.</span> <span class='ocrx_word' id='word_1_83' title='bbox 962 1667 1022 1716; x_wconf 81' lang='lat' dir='ltr'>F.</span> <span class='ocrx_word' id='word_1_84' title='bbox 1053 1667 1118 1717; x_wconf 89' lang='grc' dir='ltr'>Τ.</span> <span class='ocrx_word' id='word_1_85' title='bbox 1158 1666 1230 1716; x_wconf 83' lang='grc' dir='ltr'>Ν.</span> <span class='ocrx_word' id='word_1_86' title='bbox 1272 1668 1586 1733; x_wconf 84' lang='lat' dir='ltr'>Torquatus,</span> 
     </span>
     <span class='ocr_line' id='line_1_18' title="bbox 518 1742 1588 1811; baseline 0.004 -17"><span class='ocrx_word' id='word_1_87' title='bbox 518 1742 601 1794; x_wconf 86' lang='lat' dir='ltr'>bis</span> <span class='ocrx_word' id='word_1_88' title='bbox 636 1746 821 1794; x_wconf 68' lang='lat' dir='ltr'>consul</span> <span class='ocrx_word' id='word_1_89' title='bbox 846 1758 1058 1796; x_wconf 83' lang='lat' dir='ltr'>nxvm.</span> <span class='ocrx_word' id='word_1_90' title='bbox 1084 1752 1140 1796; x_wconf 89' lang='lat' dir='ltr'>et</span> <span class='ocrx_word' id='word_1_91' title='bbox 1167 1759 1368 1797; x_wconf 78' lang='lat' dir='ltr'>nxxrx.</span> <span class='ocrx_word' id='word_1_92' title='bbox 1403 1748 1492 1811; x_wconf 86' lang='lat' dir='ltr'>qni</span> <span class='ocrx_word' id='word_1_93' title='bbox 1516 1746 1588 1798; x_wconf 86' lang='grc' dir='ltr'>Α.</span> 
     </span>
     <span class='ocr_line' id='line_1_19' title="bbox 519 1818 1591 1886; baseline 0.007 -18"><span class='ocrx_word' id='word_1_94' title='bbox 519 1818 588 1868; x_wconf 87' lang='lat' dir='ltr'>U.</span> <span class='ocrx_word' id='word_1_95' title='bbox 611 1821 673 1870; x_wconf 91' lang='lat' dir='ltr'>C.</span> <span class='ocrx_word' id='word_1_96' title='bbox 704 1833 910 1871; x_wconf 70' lang='lat' dir='ltr'>nanu.</span> <span class='ocrx_word' id='word_1_97' title='bbox 944 1822 1305 1886; x_wconf 84' lang='lat' dir='ltr'>magistratum</span> <span class='ocrx_word' id='word_1_98' title='bbox 1343 1824 1413 1874; x_wconf 85' lang='lat' dir='ltr'>ob</span> <span class='ocrx_word' id='word_1_99' title='bbox 1445 1827 1591 1875; x_wconf 67' lang='lat' dir='ltr'>vale·</span> 
     </span>
     <span class='ocr_line' id='line_1_20' title="bbox 519 1895 1582 1955; baseline 0.007 -11"><span class='ocrx_word' id='word_1_100' title='bbox 519 1895 753 1946; x_wconf 75' lang='lat' dir='ltr'>tudinem</span> <span class='ocrx_word' id='word_1_101' title='bbox 801 1900 1067 1949; x_wconf 82' lang='lat' dir='ltr'>oculorum</span> <span class='ocrx_word' id='word_1_102' title='bbox 1111 1899 1447 1951; x_wconf 75' lang='lat' dir='ltr'>detrectavit.</span> <span class='ocrx_word' id='word_1_103' title='bbox 1512 1903 1582 1955; x_wconf 79' lang='lat' dir='ltr'>Q.</span> 
     </span>
     <span class='ocr_line' id='line_1_21' title="bbox 520 1973 1586 2039; baseline 0.007 -17"><span class='ocrx_word' id='word_1_104' title='bbox 520 1973 713 2024; x_wconf 81' lang='lat' dir='ltr'>Fabius</span> <span class='ocrx_word' id='word_1_105' title='bbox 755 1989 961 2039; x_wconf 81' lang='lat' dir='ltr'>quoque</span> <span class='ocrx_word' id='word_1_106' title='bbox 993 1977 1319 2027; x_wconf 78' lang='lat' dir='ltr'>consulatum</span> <span class='ocrx_word' id='word_1_107' title='bbox 1356 1978 1451 2027; x_wconf 82' lang='lat' dir='ltr'>sibi</span> <span class='ocrx_word' id='word_1_108' title='bbox 1478 1994 1586 2029; x_wconf 80' lang='lat' dir='ltr'>non</span> 
     </span>
     <span class='ocr_line' id='line_1_22' title="bbox 516 2051 1586 2110; baseline 0.007 -13"><span class='ocrx_word' id='word_1_109' title='bbox 516 2051 724 2110; x_wconf 79' lang='lat' dir='ltr'>patenti</span> <span class='ocrx_word' id='word_1_110' title='bbox 754 2051 986 2101; x_wconf 81' lang='lat' dir='ltr'>oblatum</span> <span class='ocrx_word' id='word_1_111' title='bbox 1017 2052 1281 2102; x_wconf 79' lang='lat' dir='ltr'>recusavit</span> <span class='ocrx_word' id='word_1_112' title='bbox 1302 2067 1586 2104; x_wconf 55' lang='lat' dir='ltr'>ansnmv.</span> 
     </span>
     <span class='ocr_line' id='line_1_23' title="bbox 516 2124 1582 2194; baseline 0.002 -16"><span class='ocrx_word' id='word_1_113' title='bbox 516 2124 706 2178; x_wconf 64' lang='lat' dir='ltr'>Sakole.</span> <span class='ocrx_word' id='word_1_114' title='bbox 763 2127 885 2177; x_wconf 83' lang='lat' dir='ltr'>Fuit</span> <span class='ocrx_word' id='word_1_115' title='bbox 908 2127 993 2177; x_wconf 79' lang='lat' dir='ltr'>hie</span> <span class='ocrx_word' id='word_1_116' title='bbox 1012 2128 1071 2177; x_wconf 90' lang='lat' dir='ltr'>T.</span> <span class='ocrx_word' id='word_1_117' title='bbox 1095 2127 1327 2178; x_wconf 83' lang='lat' dir='ltr'>Manlius</span> <span class='ocrx_word' id='word_1_118' title='bbox 1346 2130 1582 2194; x_wconf 81' lang='lat' dir='ltr'>Torqua·</span> 
     </span>
     <span class='ocr_line' id='line_1_24' title="bbox 513 2204 1586 2268; baseline 0.007 -18"><span class='ocrx_word' id='word_1_119' title='bbox 513 2208 598 2251; x_wconf 85' lang='lat' dir='ltr'>tus</span> <span class='ocrx_word' id='word_1_120' title='bbox 642 2204 776 2252; x_wconf 85' lang='lat' dir='ltr'>alius</span> <span class='ocrx_word' id='word_1_121' title='bbox 814 2205 966 2265; x_wconf 78' lang='lat' dir='ltr'>longo</span> <span class='ocrx_word' id='word_1_122' title='bbox 1003 2211 1123 2266; x_wconf 83' lang='lat' dir='ltr'>post</span> <span class='ocrx_word' id='word_1_123' title='bbox 1156 2215 1412 2268; x_wconf 87' lang='lat' dir='ltr'>tempore,</span> <span class='ocrx_word' id='word_1_124' title='bbox 1444 2206 1586 2258; x_wconf 87' lang='lat' dir='ltr'>bello</span> 
     </span>
     <span class='ocr_line' id='line_1_25' title="bbox 514 2278 1581 2344; baseline 0.005 -16"><span class='ocrx_word' id='word_1_125' title='bbox 514 2278 715 2328; x_wconf 74' lang='lat' dir='ltr'>scilicet</span> <span class='ocrx_word' id='word_1_126' title='bbox 737 2278 942 2329; x_wconf 83' lang='lat' dir='ltr'>Punico</span> <span class='ocrx_word' id='word_1_127' title='bbox 964 2280 1213 2344; x_wconf 83' lang='lat' dir='ltr'>seeundo,</span> <span class='ocrx_word' id='word_1_128' title='bbox 1231 2291 1436 2331; x_wconf 80' lang='lat' dir='ltr'>creatus</span> <span class='ocrx_word' id='word_1_129' title='bbox 1458 2297 1581 2333; x_wconf 81' lang='lat' dir='ltr'>eon-</span> 
     </span>
     <span class='ocr_line' id='line_1_26' title="bbox 512 2355 1580 2424; baseline 0.007 -21"><span class='ocrx_word' id='word_1_130' title='bbox 512 2355 599 2403; x_wconf 76' lang='lat' dir='ltr'>sut</span> <span class='ocrx_word' id='word_1_131' title='bbox 615 2370 735 2404; x_wconf 84' lang='lat' dir='ltr'>cnm</span> <span class='ocrx_word' id='word_1_132' title='bbox 754 2356 815 2405; x_wconf 87' lang='lat' dir='ltr'>T.</span> <span class='ocrx_word' id='word_1_133' title='bbox 838 2356 1089 2408; x_wconf 79' lang='lat' dir='ltr'>Otacilio.</span> <span class='ocrx_word' id='word_1_134' title='bbox 1121 2358 1246 2421; x_wconf 85' lang='lat' dir='ltr'>Ejus</span> <span class='ocrx_word' id='word_1_135' title='bbox 1265 2359 1427 2409; x_wconf 79' lang='lat' dir='ltr'>verba</span> <span class='ocrx_word' id='word_1_136' title='bbox 1439 2364 1580 2424; x_wconf 81' lang='lat' dir='ltr'>apud</span> 
     </span>
     <span class='ocr_line' id='line_1_27' title="bbox 512 2428 1579 2502; baseline 0.011 -26"><span class='ocrx_word' id='word_1_137' title='bbox 512 2428 630 2490; x_wconf 73' lang='lat' dir='ltr'>Liv.</span> <span class='ocrx_word' id='word_1_138' title='bbox 673 2443 835 2481; x_wconf 76' lang='lat' dir='ltr'>xxvl.</span> <span class='ocrx_word' id='word_1_139' title='bbox 873 2435 961 2482; x_wconf 81' lang='grc'>22.</span> <span class='ocrx_word' id='word_1_140' title='bbox 1007 2441 1162 2483; x_wconf 82' lang='lat' dir='ltr'>sunt:</span> <span class='ocrx_word' id='word_1_141' title='bbox 1210 2435 1433 2498; x_wconf 82' lang='lat' dir='ltr'>‘Neque</span> <span class='ocrx_word' id='word_1_142' title='bbox 1478 2450 1579 2502; x_wconf 74' lang='lat' dir='ltr'>ego</span> 
     </span>
     <span class='ocr_line' id='line_1_28' title="bbox 512 2509 1582 2577; baseline 0.008 -22"><span class='ocrx_word' id='word_1_143' title='bbox 512 2515 723 2557; x_wconf 74' lang='lat' dir='ltr'>vestros,</span> <span class='ocrx_word' id='word_1_144' title='bbox 759 2522 932 2558; x_wconf 82' lang='lat' dir='ltr'>mores</span> <span class='ocrx_word' id='word_1_145' title='bbox 975 2512 1153 2559; x_wconf 82' lang='lat' dir='ltr'>consul</span> <span class='ocrx_word' id='word_1_146' title='bbox 1194 2509 1337 2562; x_wconf 86' lang='lat' dir='ltr'>ferre</span> <span class='ocrx_word' id='word_1_147' title='bbox 1374 2521 1582 2577; x_wconf 85' lang='lat' dir='ltr'>potero,</span> 
     </span>
     <span class='ocr_line' id='line_1_29' title="bbox 510 2586 1581 2650; baseline 0.007 -17"><span class='ocrx_word' id='word_1_148' title='bbox 510 2598 683 2648; x_wconf 86' lang='lat' dir='ltr'>neque</span> <span class='ocrx_word' id='word_1_149' title='bbox 722 2600 812 2635; x_wconf 85' lang='lat' dir='ltr'>vos</span> <span class='ocrx_word' id='word_1_150' title='bbox 847 2586 1120 2650; x_wconf 76' lang='lat' dir='ltr'>imperinm</span> <span class='ocrx_word' id='word_1_151' title='bbox 1151 2588 1356 2638; x_wconf 60' lang='lat' dir='ltr'>meum?</span> <span class='ocrx_word' id='word_1_152' title='bbox 1422 2590 1581 2642; x_wconf 83' lang='lat' dir='ltr'>Hane</span> 
     </span>
     <span class='ocr_line' id='line_1_30' title="bbox 510 2662 1581 2727; baseline 0.007 -18"><span class='ocrx_word' id='word_1_153' title='bbox 510 2668 687 2710; x_wconf 79' lang='lat' dir='ltr'>tamen</span> <span class='ocrx_word' id='word_1_154' title='bbox 696 2662 1073 2726; x_wconf 64' lang='lat' dir='ltr'>paragraphum</span> <span class='ocrx_word' id='word_1_155' title='bbox 1088 2664 1223 2727; x_wconf 79' lang='lat' dir='ltr'>apud</span> <span class='ocrx_word' id='word_1_156' title='bbox 1238 2678 1329 2713; x_wconf 81' lang='lat' dir='ltr'>nos</span> <span class='ocrx_word' id='word_1_157' title='bbox 1347 2667 1581 2719; x_wconf 76' lang='lat' dir='ltr'>retinent</span> 
     </span>
     <span class='ocr_line' id='line_1_31' title="bbox 509 2740 1578 2803; baseline 0.008 -18"><span class='ocrx_word' id='word_1_158' title='bbox 509 2751 690 2787; x_wconf 84' lang='lat' dir='ltr'>onmes</span> <span class='ocrx_word' id='word_1_159' title='bbox 720 2740 907 2803; x_wconf 79' lang='lat' dir='ltr'>scripti</span> <span class='ocrx_word' id='word_1_160' title='bbox 936 2749 995 2789; x_wconf 83' lang='lat' dir='ltr'>et</span> <span class='ocrx_word' id='word_1_161' title='bbox 1024 2740 1179 2803; x_wconf 89' lang='lat' dir='ltr'>editi,</span> <span class='ocrx_word' id='word_1_162' title='bbox 1202 2748 1258 2792; x_wconf 90' lang='lat' dir='ltr'>ut</span> <span class='ocrx_word' id='word_1_163' title='bbox 1279 2743 1393 2792; x_wconf 88' lang='lat' dir='ltr'>sine</span> <span class='ocrx_word' id='word_1_164' title='bbox 1415 2744 1578 2795; x_wconf 74' lang='lat' dir='ltr'>dnbio</span> 
     </span>
     <span class='ocr_line' id='line_1_32' title="bbox 509 2815 1577 2882; baseline 0.005 -19"><span class='ocrx_word' id='word_1_165' title='bbox 509 2828 659 2864; x_wconf 89' lang='lat' dir='ltr'>error</span> <span class='ocrx_word' id='word_1_166' title='bbox 688 2815 755 2866; x_wconf 74' lang='lat' dir='ltr'>ab</span> <span class='ocrx_word' id='word_1_167' title='bbox 791 2817 905 2881; x_wconf 87' lang='lat' dir='ltr'>ipso</span> <span class='ocrx_word' id='word_1_168' title='bbox 937 2826 1153 2868; x_wconf 81' lang='lat' dir='ltr'>auctore</span> <span class='ocrx_word' id='word_1_169' title='bbox 1184 2819 1254 2869; x_wconf 84' lang='lat' dir='ltr'>sit</span> <span class='ocrx_word' id='word_1_170' title='bbox 1286 2817 1577 2882; x_wconf 84' lang='lat' dir='ltr'>profectus.</span> 
     </span>
     <span class='ocr_line' id='line_1_33' title="bbox 509 2889 1524 2941; baseline 0.004 -2"><span class='ocrx_word' id='word_1_171' title='bbox 509 2889 686 2941; x_wconf 64' lang='lat' dir='ltr'>Arata.</span> <span class='ocrx_word' id='word_1_172' title='bbox 1514 2907 1524 2912; x_wconf 88' lang='grc'>’</span> 
     </span>
    </p>

    <p class='ocr_par' dir='ltr' id='par_1_5' title="bbox 424 2968 1578 4328">
     <span class='ocr_line' id='line_1_34' title="bbox 574 2968 1578 3034; baseline 0.004 -17"><span class='ocrx_word' id='word_1_173' title='bbox 574 2968 682 3017; x_wconf 75' lang='lat' dir='ltr'>Nec</span> <span class='ocrx_word' id='word_1_174' title='bbox 701 2969 861 3033; x_wconf 71' lang='lat' dir='ltr'>ium]</span> <span class='ocrx_word' id='word_1_175' title='bbox 896 2970 984 3019; x_wconf 80' lang='lat' dir='ltr'>lta</span> <span class='ocrx_word' id='word_1_176' title='bbox 1017 2970 1343 3021; x_wconf 71' lang='lat' dir='ltr'>scribendum</span> <span class='ocrx_word' id='word_1_177' title='bbox 1365 2970 1578 3034; x_wconf 79' lang='lat' dir='ltr'>judica·</span> 
     </span>
     <span class='ocr_line' id='line_1_35' title="bbox 508 3043 1574 3113; baseline 0.005 -20"><span class='ocrx_word' id='word_1_178' title='bbox 508 3043 672 3093; x_wconf 82' lang='lat' dir='ltr'>vimus</span> <span class='ocrx_word' id='word_1_179' title='bbox 716 3060 833 3096; x_wconf 85' lang='lat' dir='ltr'>eum</span> <span class='ocrx_word' id='word_1_180' title='bbox 869 3046 1019 3097; x_wconf 77' lang='lat' dir='ltr'>Leid.</span> <span class='ocrx_word' id='word_1_181' title='bbox 1052 3050 1103 3096; x_wconf 93' lang='grc'>2.</span> <span class='ocrx_word' id='word_1_182' title='bbox 1178 3047 1369 3097; x_wconf 85' lang='lat' dir='ltr'>Editur</span> <span class='ocrx_word' id='word_1_183' title='bbox 1416 3051 1574 3113; x_wconf 75' lang='lat' dir='ltr'>vulgo</span> 
     </span>
     <span class='ocr_line' id='line_1_36' title="bbox 504 3121 1578 3189; baseline 0.004 -18"><span class='ocrx_word' id='word_1_184' title='bbox 504 3136 653 3184; x_wconf 69' lang='lat' dir='ltr'>neque</span> <span class='ocrx_word' id='word_1_185' title='bbox 678 3121 829 3172; x_wconf 57' lang='lat' dir='ltr'>illumi</span> <span class='ocrx_word' id='word_1_186' title='bbox 898 3122 1021 3171; x_wconf 87' lang='lat' dir='ltr'>Non</span> <span class='ocrx_word' id='word_1_187' title='bbox 1053 3121 1280 3187; x_wconf 83' lang='lat' dir='ltr'>quidem,</span> <span class='ocrx_word' id='word_1_188' title='bbox 1304 3123 1441 3189; x_wconf 86' lang='lat' dir='ltr'>quod</span> <span class='ocrx_word' id='word_1_189' title='bbox 1476 3139 1578 3188; x_wconf 85' lang='lat' dir='ltr'>pu·</span> 
     </span>
     <span class='ocr_line' id='line_1_37' title="bbox 505 3197 1574 3263; baseline 0.006 -18"><span class='ocrx_word' id='word_1_190' title='bbox 505 3203 617 3245; x_wconf 80' lang='lat' dir='ltr'>tem</span> <span class='ocrx_word' id='word_1_191' title='bbox 668 3200 840 3246; x_wconf 88' lang='lat' dir='ltr'>minus</span> <span class='ocrx_word' id='word_1_192' title='bbox 886 3206 1039 3247; x_wconf 58' lang='lat' dir='ltr'>reete</span> <span class='ocrx_word' id='word_1_193' title='bbox 1080 3197 1185 3247; x_wconf 86' lang='lat' dir='ltr'>diei</span> <span class='ocrx_word' id='word_1_194' title='bbox 1225 3213 1389 3260; x_wconf 78' lang='lat' dir='ltr'>neque,</span> <span class='ocrx_word' id='word_1_195' title='bbox 1421 3215 1574 3263; x_wconf 75' lang='lat' dir='ltr'>neque</span> 
     </span>
     <span class='ocr_line' id='line_1_38' title="bbox 505 3272 1576 3338; baseline 0.004 -18"><span class='ocrx_word' id='word_1_196' title='bbox 505 3273 611 3320; x_wconf 76' lang='lat' dir='ltr'>vel·</span> <span class='ocrx_word' id='word_1_197' title='bbox 639 3288 744 3330; x_wconf 78' lang='lat' dir='ltr'>nec,</span> <span class='ocrx_word' id='word_1_198' title='bbox 798 3288 882 3322; x_wconf 79' lang='lat' dir='ltr'>uec</span> <span class='ocrx_word' id='word_1_199' title='bbox 902 3289 924 3331; x_wconf 87' lang='lat'>,·</span> <span class='ocrx_word' id='word_1_200' title='bbox 980 3272 1116 3338; x_wconf 84' lang='lat' dir='ltr'>(vid.</span> <span class='ocrx_word' id='word_1_201' title='bbox 1171 3273 1576 3334; x_wconf 79' lang='lat' dir='ltr'>Cuninganu&#39;um.</span> 
     </span>
     <span class='ocr_line' id='line_1_39' title="bbox 501 3349 1572 3413; baseline 0.002 -15"><span class='ocrx_word' id='word_1_202' title='bbox 501 3349 677 3399; x_wconf 81' lang='lat' dir='ltr'>Anim.</span> <span class='ocrx_word' id='word_1_203' title='bbox 717 3351 772 3400; x_wconf 89' lang='lat' dir='ltr'>in</span> <span class='ocrx_word' id='word_1_204' title='bbox 805 3349 983 3399; x_wconf 83' lang='lat' dir='ltr'>Bentl.</span> <span class='ocrx_word' id='word_1_205' title='bbox 1012 3363 1133 3411; x_wconf 82' lang='lat' dir='ltr'>cap.</span> <span class='ocrx_word' id='word_1_206' title='bbox 1153 3353 1204 3399; x_wconf 70' lang='lat'>4.</span> <span class='ocrx_word' id='word_1_207' title='bbox 1242 3363 1297 3412; x_wconf 92' lang='lat' dir='ltr'>p.</span> <span class='ocrx_word' id='word_1_208' title='bbox 1333 3349 1445 3413; x_wconf 79' lang='grc'><strong>43.)</strong></span> <span class='ocrx_word' id='word_1_209' title='bbox 1474 3351 1572 3401; x_wconf 85' lang='lat' dir='ltr'>sed</span> 
     </span>
     <span class='ocr_line' id='line_1_40' title="bbox 502 3425 1568 3490; baseline -0.001 -14"><span class='ocrx_word' id='word_1_210' title='bbox 502 3428 641 3490; x_wconf 89' lang='lat' dir='ltr'>quod</span> <span class='ocrx_word' id='word_1_211' title='bbox 665 3427 967 3477; x_wconf 73' lang='lat' dir='ltr'>existimem</span> <span class='ocrx_word' id='word_1_212' title='bbox 988 3425 1295 3475; x_wconf 82' lang='lat' dir='ltr'>varietatem</span> <span class='ocrx_word' id='word_1_213' title='bbox 1325 3426 1456 3476; x_wconf 84' lang='lat' dir='ltr'>hano</span> <span class='ocrx_word' id='word_1_214' title='bbox 1478 3427 1568 3475; x_wconf 87' lang='lat' dir='ltr'>ad·</span> 
     </span>
     <span class='ocr_line' id='line_1_41' title="bbox 499 3504 1568 3566; baseline 0.001 -15"><span class='ocrx_word' id='word_1_215' title='bbox 499 3504 707 3552; x_wconf 86' lang='lat' dir='ltr'>modum</span> <span class='ocrx_word' id='word_1_216' title='bbox 724 3511 973 3565; x_wconf 78' lang='lat' dir='ltr'>captasse</span> <span class='ocrx_word' id='word_1_217' title='bbox 990 3509 1215 3558; x_wconf 81' lang='lat' dir='ltr'>veteres,</span> <span class='ocrx_word' id='word_1_218' title='bbox 1228 3516 1444 3566; x_wconf 78' lang='lat' dir='ltr'>qnorum</span> <span class='ocrx_word' id='word_1_219' title='bbox 1460 3504 1568 3552; x_wconf 87' lang='lat' dir='ltr'>ele-</span> 
     </span>
     <span class='ocr_line' id='line_1_42' title="bbox 500 3576 1564 3643; baseline 0 -17"><span class='ocrx_word' id='word_1_220' title='bbox 500 3579 731 3641; x_wconf 78' lang='lat' dir='ltr'>gantiam</span> <span class='ocrx_word' id='word_1_221' title='bbox 750 3576 987 3638; x_wconf 84' lang='lat' dir='ltr'>corrupit</span> <span class='ocrx_word' id='word_1_222' title='bbox 1005 3578 1345 3641; x_wconf 69' lang='lat' dir='ltr'>posteriorum</span> <span class='ocrx_word' id='word_1_223' title='bbox 1363 3589 1564 3643; x_wconf 85' lang='lat' dir='ltr'>tempo-</span> 
     </span>
     <span class='ocr_line' id='line_1_43' title="bbox 501 3654 1565 3716; baseline 0.003 -14"><span class='ocrx_word' id='word_1_224' title='bbox 501 3669 619 3703; x_wconf 73' lang='lat' dir='ltr'>rum</span> <span class='ocrx_word' id='word_1_225' title='bbox 658 3654 996 3716; x_wconf 71' lang='lat' dir='ltr'>negligentia.</span> <span class='ocrx_word' id='word_1_226' title='bbox 1063 3654 1347 3704; x_wconf 84' lang='lat' dir='ltr'>Lueretius</span> <span class='ocrx_word' id='word_1_227' title='bbox 1380 3668 1444 3706; x_wconf 79' lang='grc' dir='ltr'><strong>ιι.</strong></span> <span class='ocrx_word' id='word_1_228' title='bbox 1480 3658 1565 3706; x_wconf 78' lang='lat'>38.</span> 
     </span>
     <span class='ocr_line' id='line_1_44' title="bbox 498 3730 1561 3795; baseline -0.002 -14"><span class='ocrx_word' id='word_1_229' title='bbox 498 3730 515 3757; x_wconf 91' lang='lat'>‘</span> <span class='ocrx_word' id='word_1_230' title='bbox 538 3731 725 3794; x_wconf 81' lang='lat' dir='ltr'>Neque</span> <span class='ocrx_word' id='word_1_231' title='bbox 765 3731 1009 3780; x_wconf 74' lang='lat' dir='ltr'>nobilitas</span> <span class='ocrx_word' id='word_1_232' title='bbox 1043 3744 1142 3779; x_wconf 80' lang='lat' dir='ltr'>nee</span> <span class='ocrx_word' id='word_1_233' title='bbox 1169 3731 1333 3794; x_wconf 73' lang='lat' dir='ltr'>gloria</span> <span class='ocrx_word' id='word_1_234' title='bbox 1366 3734 1505 3795; x_wconf 77' lang='lat' dir='ltr'>regni</span> <span class='ocrx_word' id='word_1_235' title='bbox 1527 3732 1561 3779; x_wconf 75' lang='grc' dir='ltr'>ε’</span> 
     </span>
     <span class='ocr_line' id='line_1_45' title="bbox 499 3806 1564 3873; baseline 0.002 -16"><span class='ocrx_word' id='word_1_236' title='bbox 499 3806 578 3857; x_wconf 75' lang='lat' dir='ltr'>sie</span> <span class='ocrx_word' id='word_1_237' title='bbox 600 3808 763 3857; x_wconf 85' lang='lat' dir='ltr'>estin</span> <span class='ocrx_word' id='word_1_238' title='bbox 792 3806 877 3856; x_wconf 83' lang='lat' dir='ltr'>ed.</span> <span class='ocrx_word' id='word_1_239' title='bbox 912 3808 1169 3871; x_wconf 77' lang='lat' dir='ltr'>principe,</span> <span class='ocrx_word' id='word_1_240' title='bbox 1203 3808 1338 3873; x_wconf 84' lang='lat' dir='ltr'>quod</span> <span class='ocrx_word' id='word_1_241' title='bbox 1377 3816 1564 3872; x_wconf 73' lang='lat' dir='ltr'>postea</span> 
     </span>
     <span class='ocr_line' id='line_1_46' title="bbox 497 3885 1562 3947; baseline 0.001 -12"><span class='ocrx_word' id='word_1_242' title='bbox 497 3893 753 3936; x_wconf 80' lang='lat' dir='ltr'>mutatum</span> <span class='ocrx_word' id='word_1_243' title='bbox 772 3901 793 3947; x_wconf 62' lang='grc' dir='ltr'><strong>ς</strong></span> <span class='ocrx_word' id='word_1_244' title='bbox 811 3885 953 3934; x_wconf 85' lang='lat' dir='ltr'>sicin</span> <span class='ocrx_word' id='word_1_245' title='bbox 972 3886 1151 3935; x_wconf 83' lang='lat' dir='ltr'>eadem</span> <span class='ocrx_word' id='word_1_246' title='bbox 1167 3890 1385 3936; x_wconf 76' lang='lat' dir='ltr'>u1.468.</span> <span class='ocrx_word' id='word_1_247' title='bbox 1421 3888 1436 3914; x_wconf 90' lang='lat'>‘</span> <span class='ocrx_word' id='word_1_248' title='bbox 1453 3887 1562 3936; x_wconf 82' lang='lat' dir='ltr'>Un-</span> 
     </span>
     <span class='ocr_line' id='line_1_47' title="bbox 497 3963 1561 4029; baseline 0.003 -18"><span class='ocrx_word' id='word_1_249' title='bbox 497 3963 567 4012; x_wconf 90' lang='lat' dir='ltr'>de</span> <span class='ocrx_word' id='word_1_250' title='bbox 587 3978 757 4029; x_wconf 81' lang='lat' dir='ltr'>neque</span> <span class='ocrx_word' id='word_1_251' title='bbox 781 3963 996 4014; x_wconf 81' lang='lat' dir='ltr'>exaudit</span> <span class='ocrx_word' id='word_1_252' title='bbox 1019 3979 1195 4027; x_wconf 81' lang='lat' dir='ltr'>voees,</span> <span class='ocrx_word' id='word_1_253' title='bbox 1222 3979 1320 4014; x_wconf 82' lang='lat' dir='ltr'>nec</span> <span class='ocrx_word' id='word_1_254' title='bbox 1344 3979 1561 4015; x_wconf 84' lang='lat' dir='ltr'>noscere</span> 
     </span>
     <span class='ocr_line' id='line_1_48' title="bbox 498 4041 1560 4106; baseline 0 -18"><span class='ocrx_word' id='word_1_255' title='bbox 498 4042 672 4091; x_wconf 78' lang='lat' dir='ltr'>vuitus</span> <span class='ocrx_word' id='word_1_256' title='bbox 694 4042 725 4089; x_wconf 87' lang='lat'>:&#39;</span> <span class='ocrx_word' id='word_1_257' title='bbox 761 4055 818 4093; x_wconf 78' lang='lat' dir='ltr'>v.</span> <span class='ocrx_word' id='word_1_258' title='bbox 854 4045 940 4091; x_wconf 74' lang='lat'>3⁷.</span> <span class='ocrx_word' id='word_1_259' title='bbox 970 4041 985 4069; x_wconf 92' lang='lat'>‘</span> <span class='ocrx_word' id='word_1_260' title='bbox 1009 4041 1129 4093; x_wconf 84' lang='lat' dir='ltr'>Quo</span> <span class='ocrx_word' id='word_1_261' title='bbox 1168 4054 1335 4106; x_wconf 83' lang='lat' dir='ltr'>neque</span> <span class='ocrx_word' id='word_1_262' title='bbox 1379 4048 1560 4089; x_wconf 84' lang='lat' dir='ltr'>noster</span> 
     </span>
     <span class='ocr_line' id='line_1_49' title="bbox 424 4116 1561 4187; baseline 0.001 -22"><span class='ocrx_word' id='word_1_263' title='bbox 424 4175 436 4187; x_wconf 87' lang='lat'><strong>.</strong></span> <span class='ocrx_word' id='word_1_264' title='bbox 496 4117 607 4167; x_wconf 81' lang='lat' dir='ltr'>adit</span> <span class='ocrx_word' id='word_1_265' title='bbox 636 4119 927 4183; x_wconf 85' lang='lat' dir='ltr'>quisquam,</span> <span class='ocrx_word' id='word_1_266' title='bbox 948 4132 1046 4168; x_wconf 85' lang='lat' dir='ltr'>nee</span> <span class='ocrx_word' id='word_1_267' title='bbox 1079 4118 1329 4167; x_wconf 79' lang='lat' dir='ltr'>barbarus</span> <span class='ocrx_word' id='word_1_268' title='bbox 1363 4116 1561 4167; x_wconf 84' lang='lat' dir='ltr'>audet.&#39;</span> 
     </span>
     <span class='ocr_line' id='line_1_50' title="bbox 498 4196 1560 4259; baseline 0.003 -17"><span class='ocrx_word' id='word_1_269' title='bbox 498 4208 587 4244; x_wconf 82' lang='grc' dir='ltr'><strong>ιιι.</strong></span> <span class='ocrx_word' id='word_1_270' title='bbox 627 4201 745 4248; x_wconf 75' lang='grc'><strong>439.</strong></span> <span class='ocrx_word' id='word_1_271' title='bbox 777 4198 929 4247; x_wconf 86' lang='lat' dir='ltr'>‘Neo</span> <span class='ocrx_word' id='word_1_272' title='bbox 975 4196 1189 4252; x_wconf 81' lang='lat' dir='ltr'>erescit,</span> <span class='ocrx_word' id='word_1_273' title='bbox 1229 4208 1401 4257; x_wconf 85' lang='lat' dir='ltr'>neque</span> <span class='ocrx_word' id='word_1_274' title='bbox 1438 4201 1560 4259; x_wconf 89' lang='lat' dir='ltr'>post</span> 
     </span>
     <span class='ocr_line' id='line_1_51' title="bbox 496 4272 1560 4328; baseline 0.003 -7"><span class='ocrx_word' id='word_1_275' title='bbox 496 4280 709 4327; x_wconf 80' lang='lat' dir='ltr'>mortem</span> <span class='ocrx_word' id='word_1_276' title='bbox 739 4274 935 4326; x_wconf 67' lang='lat' dir='ltr'>durare</span> <span class='ocrx_word' id='word_1_277' title='bbox 964 4272 1208 4328; x_wconf 82' lang='lat' dir='ltr'>videtnr.&#39;</span> <span class='ocrx_word' id='word_1_278' title='bbox 1272 4273 1359 4323; x_wconf 86' lang='lat' dir='ltr'>Sic</span> <span class='ocrx_word' id='word_1_279' title='bbox 1394 4273 1560 4324; x_wconf 85' lang='lat' dir='ltr'>omni-</span> 
     </span>
    </p>
   </div>
   <div class='ocr_carea' id='block_1_3' title="bbox 1230 377 2033 429">
    <p class='ocr_par' dir='ltr' id='par_1_6' title="bbox 1230 377 2033 429">
     <span class='ocr_line' id='line_1_52' title="bbox 1230 377 2033 429; baseline 0.005 -4"><span class='ocrx_word' id='word_1_280' title='bbox 1230 378 1443 427; x_wconf 73' lang='lat' dir='ltr'>NOTAE</span> <span class='ocrx_word' id='word_1_281' title='bbox 1495 377 1674 428; x_wconf 78' lang='lat' dir='ltr'>VARI</span> <span class='ocrx_word' id='word_1_282' title='bbox 1686 378 1902 428; x_wconf 77' lang='lat' dir='ltr'>ORUM</span> <span class='ocrx_word' id='word_1_283' title='bbox 1951 380 2033 429; x_wconf 85' lang='lat' dir='ltr'>IN</span> 
     </span>
    </p>
   </div>
   <div class='ocr_carea' id='block_1_4' title="bbox 1635 521 2785 4336">
    <p class='ocr_par' dir='ltr' id='par_1_7' title="bbox 1652 521 2785 2711">
     <span class='ocr_line' id='line_1_53' title="bbox 1672 521 2736 594; baseline 0.008 -23"><span class='ocrx_word' id='word_1_284' title='bbox 1672 521 1890 576; x_wconf 72' lang='lat' dir='ltr'>basillis</span> <span class='ocrx_word' id='word_1_285' title='bbox 1909 523 2062 581; x_wconf 81' lang='lat' dir='ltr'>locis.</span> <span class='ocrx_word' id='word_1_286' title='bbox 2081 529 2137 575; x_wconf 88' lang='lat' dir='ltr'>et</span> <span class='ocrx_word' id='word_1_287' title='bbox 2158 525 2294 584; x_wconf 80' lang='lat' dir='ltr'>aliis,</span> <span class='ocrx_word' id='word_1_288' title='bbox 2313 540 2432 593; x_wconf 73' lang='lat' dir='ltr'>quae</span> <span class='ocrx_word' id='word_1_289' title='bbox 2455 533 2736 594; x_wconf 77' lang='lat' dir='ltr'>praetereo,</span> 
     </span>
     <span class='ocr_line' id='line_1_54' title="bbox 1671 601 2785 667; baseline 0.004 -18"><span class='ocrx_word' id='word_1_290' title='bbox 1671 601 1955 667; x_wconf 80' lang='lat' dir='ltr'>expressit,</span> <span class='ocrx_word' id='word_1_291' title='bbox 1975 603 2325 667; x_wconf 78' lang='lat' dir='ltr'>antiquissima</span> <span class='ocrx_word' id='word_1_292' title='bbox 2374 606 2603 655; x_wconf 76' lang='lat' dir='ltr'>Lucretii</span> <span class='ocrx_word' id='word_1_293' title='bbox 2650 607 2738 656; x_wconf 88' lang='lat' dir='ltr'>ed.</span> <span class='ocrx_word' id='word_1_294' title='bbox 2777 647 2785 653; x_wconf 79' lang='grc'>,</span> 
     </span>
     <span class='ocr_line' id='line_1_55' title="bbox 1670 675 2734 746; baseline 0.007 -21"><span class='ocrx_word' id='word_1_295' title='bbox 1670 675 1808 741; x_wconf 86' lang='lat' dir='ltr'>quod</span> <span class='ocrx_word' id='word_1_296' title='bbox 1832 677 2023 727; x_wconf 75' lang='lat' dir='ltr'>deindo</span> <span class='ocrx_word' id='word_1_297' title='bbox 2045 684 2298 729; x_wconf 83' lang='lat' dir='ltr'>mutatum</span> <span class='ocrx_word' id='word_1_298' title='bbox 2320 680 2374 729; x_wconf 84' lang='lat' dir='ltr'>in</span> <span class='ocrx_word' id='word_1_299' title='bbox 2403 695 2550 745; x_wconf 74' lang='lat' dir='ltr'>noque</span> <span class='ocrx_word' id='word_1_300' title='bbox 2569 697 2734 746; x_wconf 76' lang='lat' dir='ltr'>neque,</span> 
     </span>
     <span class='ocr_line' id='line_1_56' title="bbox 1670 754 2733 819; baseline 0.006 -16"><span class='ocrx_word' id='word_1_301' title='bbox 1670 754 1753 803; x_wconf 80' lang='lat' dir='ltr'>vel</span> <span class='ocrx_word' id='word_1_302' title='bbox 1775 769 1861 804; x_wconf 71' lang='lat' dir='ltr'>nec</span> <span class='ocrx_word' id='word_1_303' title='bbox 1880 768 1985 804; x_wconf 70' lang='lat' dir='ltr'>uec.</span> <span class='ocrx_word' id='word_1_304' title='bbox 2049 754 2253 805; x_wconf 75' lang='lat' dir='ltr'>Plinius</span> <span class='ocrx_word' id='word_1_305' title='bbox 2276 755 2328 804; x_wconf 89' lang='lat' dir='ltr'>in</span> <span class='ocrx_word' id='word_1_306' title='bbox 2352 756 2554 819; x_wconf 82' lang='lat' dir='ltr'>Paneg.</span> <span class='ocrx_word' id='word_1_307' title='bbox 2576 772 2625 809; x_wconf 82' lang='lat' dir='ltr'>e.</span> <span class='ocrx_word' id='word_1_308' title='bbox 2648 763 2733 809; x_wconf 74' lang='lat'>88.</span> 
     </span>
     <span class='ocr_line' id='line_1_57' title="bbox 1665 826 2735 894; baseline 0.006 -17"><span class='ocrx_word' id='word_1_309' title='bbox 1665 827 1682 855; x_wconf 83' lang='lat'>‘</span> <span class='ocrx_word' id='word_1_310' title='bbox 1700 826 1833 892; x_wconf 81' lang='lat' dir='ltr'>Inde</span> <span class='ocrx_word' id='word_1_311' title='bbox 1853 843 1955 879; x_wconf 92' lang='lat' dir='ltr'>non</span> <span class='ocrx_word' id='word_1_312' title='bbox 1982 843 2192 891; x_wconf 83' lang='lat' dir='ltr'>enerve,</span> <span class='ocrx_word' id='word_1_313' title='bbox 2212 844 2380 893; x_wconf 84' lang='lat' dir='ltr'>neque</span> <span class='ocrx_word' id='word_1_314' title='bbox 2395 828 2613 894; x_wconf 82' lang='lat' dir='ltr'>fluxum,</span> <span class='ocrx_word' id='word_1_315' title='bbox 2635 848 2735 883; x_wconf 82' lang='lat' dir='ltr'>neo</span> 
     </span>
     <span class='ocr_line' id='line_1_58' title="bbox 1668 903 2733 967; baseline 0.008 -16"><span class='ocrx_word' id='word_1_316' title='bbox 1668 903 1808 967; x_wconf 81' lang='lat' dir='ltr'>quod</span> <span class='ocrx_word' id='word_1_317' title='bbox 1848 905 2044 954; x_wconf 80' lang='lat' dir='ltr'>animos</span> <span class='ocrx_word' id='word_1_318' title='bbox 2083 903 2310 954; x_wconf 81' lang='lat' dir='ltr'>virorum</span> <span class='ocrx_word' id='word_1_319' title='bbox 2350 906 2576 956; x_wconf 78' lang='lat' dir='ltr'>molliret</span> <span class='ocrx_word' id='word_1_320' title='bbox 2591 907 2626 959; x_wconf 68' lang='grc' dir='ltr'>ι’</span> <span class='ocrx_word' id='word_1_321' title='bbox 2658 909 2733 959; x_wconf 77' lang='lat' dir='ltr'>ita</span> 
     </span>
     <span class='ocr_line' id='line_1_59' title="bbox 1668 978 2732 1043; baseline 0.006 -16"><span class='ocrx_word' id='word_1_322' title='bbox 1668 978 1958 1041; x_wconf 72' lang='lat' dir='ltr'>proeferunt</span> <span class='ocrx_word' id='word_1_323' title='bbox 1973 989 2228 1043; x_wconf 83' lang='lat' dir='ltr'>excerpta</span> <span class='ocrx_word' id='word_1_324' title='bbox 2246 981 2520 1031; x_wconf 83' lang='lat' dir='ltr'>Vossiana.</span> <span class='ocrx_word' id='word_1_325' title='bbox 2545 984 2732 1033; x_wconf 84' lang='lat' dir='ltr'>Cicero</span> 
     </span>
     <span class='ocr_line' id='line_1_60' title="bbox 1665 1055 2732 1123; baseline 0.007 -22"><span class='ocrx_word' id='word_1_326' title='bbox 1665 1067 1761 1117; x_wconf 90' lang='lat' dir='ltr'>pro</span> <span class='ocrx_word' id='word_1_327' title='bbox 1781 1056 1977 1106; x_wconf 79' lang='lat' dir='ltr'>Milone</span> <span class='ocrx_word' id='word_1_328' title='bbox 1998 1070 2117 1119; x_wconf 83' lang='lat' dir='ltr'>eap.</span> <span class='ocrx_word' id='word_1_329' title='bbox 2141 1060 2221 1106; x_wconf 88' lang='grc'>19.</span> <span class='ocrx_word' id='word_1_330' title='bbox 2251 1056 2268 1085; x_wconf 86' lang='lat'>‘</span> <span class='ocrx_word' id='word_1_331' title='bbox 2290 1055 2397 1106; x_wconf 81' lang='lat' dir='ltr'>Cur</span> <span class='ocrx_word' id='word_1_332' title='bbox 2416 1072 2584 1123; x_wconf 85' lang='lat' dir='ltr'>neque</span> <span class='ocrx_word' id='word_1_333' title='bbox 2606 1055 2732 1110; x_wconf 71' lang='lat' dir='ltr'>ante</span> 
     </span>
     <span class='ocr_line' id='line_1_61' title="bbox 1663 1132 2732 1194; baseline 0.006 -16"><span class='ocrx_word' id='word_1_334' title='bbox 1663 1133 1911 1194; x_wconf 81' lang='lat' dir='ltr'>occurrit,</span> <span class='ocrx_word' id='word_1_335' title='bbox 1928 1146 1995 1181; x_wconf 84' lang='lat' dir='ltr'>ne</span> <span class='ocrx_word' id='word_1_336' title='bbox 2017 1133 2105 1181; x_wconf 89' lang='lat' dir='ltr'>ille</span> <span class='ocrx_word' id='word_1_337' title='bbox 2128 1133 2181 1181; x_wconf 86' lang='lat' dir='ltr'>iu</span> <span class='ocrx_word' id='word_1_338' title='bbox 2202 1132 2325 1181; x_wconf 75' lang='lat' dir='ltr'>villa</span> <span class='ocrx_word' id='word_1_339' title='bbox 2338 1133 2615 1194; x_wconf 86' lang='lat' dir='ltr'>resideret,</span> <span class='ocrx_word' id='word_1_340' title='bbox 2634 1149 2732 1184; x_wconf 79' lang='lat' dir='ltr'>nee</span> 
     </span>
     <span class='ocr_line' id='line_1_62' title="bbox 1663 1205 2732 1260; baseline 0.006 -6"><span class='ocrx_word' id='word_1_341' title='bbox 1663 1218 1727 1255; x_wconf 83' lang='lat' dir='ltr'>eo</span> <span class='ocrx_word' id='word_1_342' title='bbox 1762 1206 1815 1254; x_wconf 90' lang='lat' dir='ltr'>in</span> <span class='ocrx_word' id='word_1_343' title='bbox 1855 1207 1971 1256; x_wconf 83' lang='lat' dir='ltr'>loeo</span> <span class='ocrx_word' id='word_1_344' title='bbox 2007 1205 2274 1257; x_wconf 79' lang='lat' dir='ltr'>subsedit-³</span> <span class='ocrx_word' id='word_1_345' title='bbox 2338 1207 2493 1258; x_wconf 85' lang='lat' dir='ltr'>Adde</span> <span class='ocrx_word' id='word_1_346' title='bbox 2531 1209 2732 1260; x_wconf 53' lang='lat' dir='ltr'>Graevii</span> 
     </span>
     <span class='ocr_line' id='line_1_63' title="bbox 1663 1280 2728 1348; baseline 0.007 -20"><span class='ocrx_word' id='word_1_347' title='bbox 1663 1280 1793 1331; x_wconf 85' lang='lat' dir='ltr'>Var.</span> <span class='ocrx_word' id='word_1_348' title='bbox 1819 1283 1970 1333; x_wconf 85' lang='lat' dir='ltr'>Leet.</span> <span class='ocrx_word' id='word_1_349' title='bbox 2002 1283 2070 1332; x_wconf 87' lang='lat' dir='ltr'>ad</span> <span class='ocrx_word' id='word_1_350' title='bbox 2093 1283 2314 1333; x_wconf 86' lang='lat' dir='ltr'>eandem</span> <span class='ocrx_word' id='word_1_351' title='bbox 2335 1283 2485 1335; x_wconf 81' lang='lat' dir='ltr'>Orat.</span> <span class='ocrx_word' id='word_1_352' title='bbox 2508 1299 2624 1348; x_wconf 84' lang='lat' dir='ltr'>cap.</span> <span class='ocrx_word' id='word_1_353' title='bbox 2647 1290 2728 1336; x_wconf 82' lang='lat'>10.</span> 
     </span>
     <span class='ocr_line' id='line_1_64' title="bbox 1662 1356 2728 1424; baseline 0.005 -18"><span class='ocrx_word' id='word_1_354' title='bbox 1662 1356 1775 1406; x_wconf 84' lang='lat' dir='ltr'>Cic.</span> <span class='ocrx_word' id='word_1_355' title='bbox 1817 1358 2007 1408; x_wconf 85' lang='lat' dir='ltr'>iterum</span> <span class='ocrx_word' id='word_1_356' title='bbox 2055 1357 2123 1408; x_wconf 79' lang='lat' dir='ltr'>ad</span> <span class='ocrx_word' id='word_1_357' title='bbox 2161 1359 2305 1411; x_wconf 80' lang='lat' dir='ltr'>Fam.</span> <span class='ocrx_word' id='word_1_358' title='bbox 2344 1361 2518 1424; x_wconf 89' lang='lat' dir='ltr'>Epist.</span> <span class='ocrx_word' id='word_1_359' title='bbox 2551 1374 2642 1411; x_wconf 84' lang='lat'>111.</span> <span class='ocrx_word' id='word_1_360' title='bbox 2674 1368 2728 1411; x_wconf 79' lang='lat'>6.</span> 
     </span>
     <span class='ocr_line' id='line_1_65' title="bbox 1660 1432 2727 1499; baseline 0.004 -16"><span class='ocrx_word' id='word_1_361' title='bbox 1660 1432 1881 1499; x_wconf 84' lang='lat' dir='ltr'>‘Neque</span> <span class='ocrx_word' id='word_1_362' title='bbox 1920 1436 2058 1485; x_wconf 90' lang='lat' dir='ltr'>enim</span> <span class='ocrx_word' id='word_1_363' title='bbox 2093 1435 2327 1485; x_wconf 84' lang='lat' dir='ltr'>obscuris</span> <span class='ocrx_word' id='word_1_364' title='bbox 2363 1438 2599 1499; x_wconf 82' lang='lat' dir='ltr'>personis</span> <span class='ocrx_word' id='word_1_365' title='bbox 2627 1452 2727 1487; x_wconf 82' lang='lat' dir='ltr'>neo</span> 
     </span>
     <span class='ocr_line' id='line_1_66' title="bbox 1661 1510 2724 1577; baseline 0.007 -20"><span class='ocrx_word' id='word_1_366' title='bbox 1661 1510 1837 1571; x_wconf 75' lang='lat' dir='ltr'>parvis</span> <span class='ocrx_word' id='word_1_367' title='bbox 1861 1512 1914 1559; x_wconf 78' lang='lat' dir='ltr'>iu</span> <span class='ocrx_word' id='word_1_368' title='bbox 1936 1512 2104 1562; x_wconf 77' lang='lat' dir='ltr'>causis</span> <span class='ocrx_word' id='word_1_369' title='bbox 2126 1526 2209 1562; x_wconf 80' lang='lat' dir='ltr'>res</span> <span class='ocrx_word' id='word_1_370' title='bbox 2245 1516 2471 1577; x_wconf 61' lang='lat' dir='ltr'>agetur-3</span> <span class='ocrx_word' id='word_1_371' title='bbox 2532 1512 2724 1564; x_wconf 80' lang='lat' dir='ltr'>Tibun.</span> 
     </span>
     <span class='ocr_line' id='line_1_67' title="bbox 1659 1587 2727 1653; baseline 0.003 -18"><span class='ocrx_word' id='word_1_372' title='bbox 1659 1587 1745 1637; x_wconf 89' lang='lat' dir='ltr'>El.</span> <span class='ocrx_word' id='word_1_373' title='bbox 1760 1600 1801 1637; x_wconf 91' lang='lat'>1.</span> <span class='ocrx_word' id='word_1_374' title='bbox 1827 1592 1875 1638; x_wconf 90' lang='lat'>1.</span> <span class='ocrx_word' id='word_1_375' title='bbox 1894 1592 1978 1637; x_wconf 76' lang='lat'>65.</span> <span class='ocrx_word' id='word_1_376' title='bbox 2010 1587 2027 1616; x_wconf 86' lang='lat'>‘</span> <span class='ocrx_word' id='word_1_377' title='bbox 2044 1588 2180 1638; x_wconf 78' lang='lat' dir='ltr'>Nam</span> <span class='ocrx_word' id='word_1_378' title='bbox 2202 1603 2374 1653; x_wconf 84' lang='lat' dir='ltr'>neque</span> <span class='ocrx_word' id='word_1_379' title='bbox 2392 1597 2501 1639; x_wconf 86' lang='lat' dir='ltr'>tum</span> <span class='ocrx_word' id='word_1_380' title='bbox 2511 1590 2727 1652; x_wconf 77' lang='lat' dir='ltr'>plumae,</span> 
     </span>
     <span class='ocr_line' id='line_1_68' title="bbox 1657 1663 2727 1729; baseline 0.005 -19"><span class='ocrx_word' id='word_1_381' title='bbox 1657 1676 1757 1713; x_wconf 85' lang='lat' dir='ltr'>nee</span> <span class='ocrx_word' id='word_1_382' title='bbox 1779 1664 2011 1727; x_wconf 68' lang='lat' dir='ltr'>stragula</span> <span class='ocrx_word' id='word_1_383' title='bbox 2033 1665 2177 1727; x_wconf 80' lang='lat' dir='ltr'>pieta</span> <span class='ocrx_word' id='word_1_384' title='bbox 2197 1679 2437 1729; x_wconf 86' lang='lat' dir='ltr'>soporem</span> <span class='ocrx_word' id='word_1_385' title='bbox 2453 1663 2485 1711; x_wconf 68' lang='grc' dir='ltr'>ε’</span> <span class='ocrx_word' id='word_1_386' title='bbox 2516 1666 2609 1715; x_wconf 84' lang='lat' dir='ltr'>ubi</span> <span class='ocrx_word' id='word_1_387' title='bbox 2633 1666 2727 1716; x_wconf 84' lang='lat' dir='ltr'>alii</span> 
     </span>
     <span class='ocr_line' id='line_1_69' title="bbox 1658 1740 2726 1804; baseline 0.003 -16"><span class='ocrx_word' id='word_1_388' title='bbox 1658 1740 1817 1789; x_wconf 86' lang='lat' dir='ltr'>etiam</span> <span class='ocrx_word' id='word_1_389' title='bbox 1855 1755 2004 1804; x_wconf 71' lang='lat' dir='ltr'>mque</span> <span class='ocrx_word' id='word_1_390' title='bbox 2033 1742 2271 1804; x_wconf 73' lang='lat' dir='ltr'>stragula.</span> <span class='ocrx_word' id='word_1_391' title='bbox 2335 1741 2529 1792; x_wconf 84' lang='lat' dir='ltr'>Jnstin.</span> <span class='ocrx_word' id='word_1_392' title='bbox 2557 1756 2633 1792; x_wconf 82' lang='lat' dir='ltr'>vr.</span> <span class='ocrx_word' id='word_1_393' title='bbox 2672 1746 2726 1792; x_wconf 81' lang='grc'>4.</span> 
     </span>
     <span class='ocr_line' id='line_1_70' title="bbox 1658 1816 2728 1884; baseline 0.003 -18"><span class='ocrx_word' id='word_1_394' title='bbox 1658 1816 1687 1880; x_wconf 80' lang='lat'>§</span> <span class='ocrx_word' id='word_1_395' title='bbox 1712 1819 1791 1867; x_wconf 82' lang='lat'>12.</span> <span class='ocrx_word' id='word_1_396' title='bbox 1828 1822 1843 1845; x_wconf 91' lang='lat'>‘</span> <span class='ocrx_word' id='word_1_397' title='bbox 1861 1818 1980 1867; x_wconf 85' lang='lat' dir='ltr'>Neo</span> <span class='ocrx_word' id='word_1_398' title='bbox 2000 1819 2201 1867; x_wconf 82' lang='lat' dir='ltr'>animus</span> <span class='ocrx_word' id='word_1_399' title='bbox 2220 1832 2388 1882; x_wconf 82' lang='lat' dir='ltr'>neque</span> <span class='ocrx_word' id='word_1_400' title='bbox 2411 1818 2550 1867; x_wconf 81' lang='lat' dir='ltr'>vires</span> <span class='ocrx_word' id='word_1_401' title='bbox 2570 1833 2728 1884; x_wconf 78' lang='lat' dir='ltr'>pares</span> 
     </span>
     <span class='ocr_line' id='line_1_71' title="bbox 1655 1890 2726 1958; baseline 0.003 -17"><span class='ocrx_word' id='word_1_402' title='bbox 1655 1890 1838 1943; x_wconf 85' lang='lat' dir='ltr'>fuere.’</span> <span class='ocrx_word' id='word_1_403' title='bbox 1886 1893 2046 1943; x_wconf 77' lang='lat' dir='ltr'>Ovid.</span> <span class='ocrx_word' id='word_1_404' title='bbox 2061 1895 2230 1958; x_wconf 81' lang='lat' dir='ltr'>Epist.</span> <span class='ocrx_word' id='word_1_405' title='bbox 2244 1895 2378 1945; x_wconf 89' lang='lat' dir='ltr'>Her.</span> <span class='ocrx_word' id='word_1_406' title='bbox 2395 1907 2460 1944; x_wconf 85' lang='lat' dir='ltr'>n.</span> <span class='ocrx_word' id='word_1_407' title='bbox 2473 1899 2558 1945; x_wconf 86' lang='grc'>89.</span> <span class='ocrx_word' id='word_1_408' title='bbox 2582 1899 2598 1923; x_wconf 88' lang='lat'>‘</span> <span class='ocrx_word' id='word_1_409' title='bbox 2617 1895 2726 1945; x_wconf 87' lang='lat' dir='ltr'>Sed</span> 
     </span>
     <span class='ocr_line' id='line_1_72' title="bbox 1656 1971 2726 2034; baseline 0.005 -18"><span class='ocrx_word' id='word_1_410' title='bbox 1656 1982 1827 2032; x_wconf 86' lang='lat' dir='ltr'>neque</span> <span class='ocrx_word' id='word_1_411' title='bbox 1848 1971 2105 2033; x_wconf 81' lang='lat' dir='ltr'>consului,</span> <span class='ocrx_word' id='word_1_412' title='bbox 2122 1985 2223 2022; x_wconf 88' lang='lat' dir='ltr'>nee</span> <span class='ocrx_word' id='word_1_413' title='bbox 2242 1978 2293 2020; x_wconf 90' lang='lat' dir='ltr'>te</span> <span class='ocrx_word' id='word_1_414' title='bbox 2314 1984 2430 2019; x_wconf 86' lang='lat' dir='ltr'>mea</span> <span class='ocrx_word' id='word_1_415' title='bbox 2450 1972 2595 2034; x_wconf 78' lang='lat' dir='ltr'>regia</span> <span class='ocrx_word' id='word_1_416' title='bbox 2610 1979 2726 2021; x_wconf 75' lang='lat' dir='ltr'>tan·</span> 
     </span>
     <span class='ocr_line' id='line_1_73' title="bbox 1656 2044 2724 2112; baseline 0.003 -18"><span class='ocrx_word' id='word_1_417' title='bbox 1656 2044 1781 2108; x_wconf 74' lang='lat' dir='ltr'>get-⁹</span> <span class='ocrx_word' id='word_1_418' title='bbox 1838 2046 2016 2097; x_wconf 83' lang='lat' dir='ltr'>Caesar</span> <span class='ocrx_word' id='word_1_419' title='bbox 2033 2048 2169 2098; x_wconf 86' lang='lat' dir='ltr'>Bell.</span> <span class='ocrx_word' id='word_1_420' title='bbox 2192 2048 2306 2098; x_wconf 83' lang='lat' dir='ltr'>Civ.</span> <span class='ocrx_word' id='word_1_421' title='bbox 2328 2062 2368 2097; x_wconf 86' lang='lat'>1.</span> <span class='ocrx_word' id='word_1_422' title='bbox 2388 2050 2487 2112; x_wconf 74' lang='lat'>6.§</span> <span class='ocrx_word' id='word_1_423' title='bbox 2515 2052 2564 2098; x_wconf 88' lang='lat'>1.</span> <span class='ocrx_word' id='word_1_424' title='bbox 2581 2049 2599 2075; x_wconf 92' lang='lat'>‘</span> <span class='ocrx_word' id='word_1_425' title='bbox 2613 2049 2724 2099; x_wconf 85' lang='lat' dir='ltr'>Ne-</span> 
     </span>
     <span class='ocr_line' id='line_1_74' title="bbox 1655 2122 2721 2190; baseline 0.007 -20"><span class='ocrx_word' id='word_1_426' title='bbox 1655 2136 1755 2186; x_wconf 86' lang='lat' dir='ltr'>que</span> <span class='ocrx_word' id='word_1_427' title='bbox 1777 2122 2001 2174; x_wconf 81' lang='lat' dir='ltr'>docendi</span> <span class='ocrx_word' id='word_1_428' title='bbox 2025 2126 2246 2176; x_wconf 80' lang='lat' dir='ltr'>Caesaris</span> <span class='ocrx_word' id='word_1_429' title='bbox 2274 2127 2578 2190; x_wconf 75' lang='lat' dir='ltr'>propinquis</span> <span class='ocrx_word' id='word_1_430' title='bbox 2604 2126 2721 2190; x_wconf 84' lang='lat' dir='ltr'>ejus</span> 
     </span>
     <span class='ocr_line' id='line_1_75' title="bbox 1656 2202 2722 2262; baseline 0.004 -14"><span class='ocrx_word' id='word_1_431' title='bbox 1656 2203 1882 2262; x_wconf 82' lang='lat' dir='ltr'>spatium</span> <span class='ocrx_word' id='word_1_432' title='bbox 1906 2202 2081 2259; x_wconf 76' lang='lat' dir='ltr'>datur,</span> <span class='ocrx_word' id='word_1_433' title='bbox 2104 2217 2202 2253; x_wconf 85' lang='lat' dir='ltr'>nee</span> <span class='ocrx_word' id='word_1_434' title='bbox 2217 2202 2474 2259; x_wconf 86' lang='lat' dir='ltr'>tribunis‚&#39;</span> <span class='ocrx_word' id='word_1_435' title='bbox 2491 2207 2592 2252; x_wconf 63' lang='grc' dir='ltr'><strong>ἀπ.</strong></span> <span class='ocrx_word' id='word_1_436' title='bbox 2613 2202 2722 2253; x_wconf 87' lang='lat' dir='ltr'>Sed</span> 
     </span>
     <span class='ocr_line' id='line_1_76' title="bbox 1653 2278 2721 2339; baseline 0.003 -14"><span class='ocrx_word' id='word_1_437' title='bbox 1653 2291 1722 2326; x_wconf 85' lang='lat' dir='ltr'>ne</span> <span class='ocrx_word' id='word_1_438' title='bbox 1744 2278 1795 2327; x_wconf 90' lang='lat' dir='ltr'>in</span> <span class='ocrx_word' id='word_1_439' title='bbox 1820 2293 1995 2327; x_wconf 79' lang='lat' dir='ltr'>renen</span> <span class='ocrx_word' id='word_1_440' title='bbox 2018 2279 2232 2328; x_wconf 78' lang='lat' dir='ltr'>maximi</span> <span class='ocrx_word' id='word_1_441' title='bbox 2248 2278 2494 2327; x_wconf 87' lang='lat' dir='ltr'>momenti</span> <span class='ocrx_word' id='word_1_442' title='bbox 2517 2278 2721 2339; x_wconf 76' lang='lat' dir='ltr'>longior</span> 
     </span>
     <span class='ocr_line' id='line_1_77' title="bbox 1654 2354 2719 2418; baseline 0.004 -17"><span class='ocrx_word' id='word_1_443' title='bbox 1654 2354 1774 2416; x_wconf 81' lang='lat' dir='ltr'>sim,</span> <span class='ocrx_word' id='word_1_444' title='bbox 1809 2355 2029 2405; x_wconf 75' lang='lat' dir='ltr'>adeatur</span> <span class='ocrx_word' id='word_1_445' title='bbox 2055 2357 2131 2405; x_wconf 89' lang='lat' dir='ltr'>La</span> <span class='ocrx_word' id='word_1_446' title='bbox 2155 2356 2326 2406; x_wconf 84' lang='lat' dir='ltr'>Cerda</span> <span class='ocrx_word' id='word_1_447' title='bbox 2346 2354 2412 2405; x_wconf 87' lang='lat' dir='ltr'>ad</span> <span class='ocrx_word' id='word_1_448' title='bbox 2434 2355 2586 2418; x_wconf 83' lang='lat' dir='ltr'>virg.</span> <span class='ocrx_word' id='word_1_449' title='bbox 2606 2356 2719 2405; x_wconf 66' lang='lat' dir='ltr'>Eat.</span> 
     </span>
     <span class='ocr_line' id='line_1_78' title="bbox 1655 2431 2718 2483; baseline 0 -3"><span class='ocrx_word' id='word_1_450' title='bbox 1655 2444 1713 2480; x_wconf 81' lang='lat' dir='ltr'>v.</span> <span class='ocrx_word' id='word_1_451' title='bbox 1736 2435 1820 2480; x_wconf 73' lang='grc'>26.</span> <span class='ocrx_word' id='word_1_452' title='bbox 1851 2432 2033 2481; x_wconf 80' lang='lat' dir='ltr'>Rivius</span> <span class='ocrx_word' id='word_1_453' title='bbox 2056 2439 2111 2482; x_wconf 89' lang='lat' dir='ltr'>et</span> <span class='ocrx_word' id='word_1_454' title='bbox 2123 2432 2364 2483; x_wconf 76' lang='lat' dir='ltr'>Groevius</span> <span class='ocrx_word' id='word_1_455' title='bbox 2375 2431 2440 2479; x_wconf 87' lang='lat' dir='ltr'>ad</span> <span class='ocrx_word' id='word_1_456' title='bbox 2455 2432 2628 2481; x_wconf 78' lang='lat' dir='ltr'>Cicer.</span> <span class='ocrx_word' id='word_1_457' title='bbox 2649 2431 2718 2480; x_wconf 85' lang='lat' dir='ltr'>ad</span> 
     </span>
     <span class='ocr_line' id='line_1_79' title="bbox 1654 2505 2719 2570; baseline -0.007 -12"><span class='ocrx_word' id='word_1_458' title='bbox 1654 2506 1799 2558; x_wconf 85' lang='lat' dir='ltr'>Fam.</span> <span class='ocrx_word' id='word_1_459' title='bbox 1824 2508 1923 2570; x_wconf 76' lang='lat' dir='ltr'>Ep.</span> <span class='ocrx_word' id='word_1_460' title='bbox 1943 2520 2002 2556; x_wconf 87' lang='lat' dir='ltr'>x.</span> <span class='ocrx_word' id='word_1_461' title='bbox 2023 2510 2106 2556; x_wconf 83' lang='lat'>11.</span> <span class='ocrx_word' id='word_1_462' title='bbox 2161 2506 2307 2556; x_wconf 88' lang='lat' dir='ltr'>Cort.</span> <span class='ocrx_word' id='word_1_463' title='bbox 2331 2506 2396 2553; x_wconf 79' lang='lat' dir='ltr'>ad</span> <span class='ocrx_word' id='word_1_464' title='bbox 2418 2505 2543 2554; x_wconf 80' lang='lat' dir='ltr'>Sall.</span> <span class='ocrx_word' id='word_1_465' title='bbox 2561 2506 2719 2555; x_wconf 86' lang='lat' dir='ltr'>Catil.</span> 
     </span>
     <span class='ocr_line' id='line_1_80' title="bbox 1653 2581 2716 2647; baseline 0.003 -17"><span class='ocrx_word' id='word_1_466' title='bbox 1653 2596 1773 2645; x_wconf 79' lang='lat' dir='ltr'>cap.</span> <span class='ocrx_word' id='word_1_467' title='bbox 1803 2587 1886 2631; x_wconf 72' lang='lat'>80.</span> <span class='ocrx_word' id='word_1_468' title='bbox 1910 2585 1938 2647; x_wconf 62' lang='grc' dir='ltr'><strong>ξ</strong></span> <span class='ocrx_word' id='word_1_469' title='bbox 1962 2588 2012 2633; x_wconf 87' lang='grc'><strong>2.</strong></span> <span class='ocrx_word' id='word_1_470' title='bbox 2053 2589 2110 2633; x_wconf 86' lang='lat' dir='ltr'>et</span> <span class='ocrx_word' id='word_1_471' title='bbox 2132 2582 2382 2633; x_wconf 82' lang='lat' dir='ltr'>Oudend.</span> <span class='ocrx_word' id='word_1_472' title='bbox 2418 2581 2485 2632; x_wconf 88' lang='lat' dir='ltr'>ad</span> <span class='ocrx_word' id='word_1_473' title='bbox 2519 2584 2716 2633; x_wconf 75' lang='lat' dir='ltr'>Lucan·</span> 
     </span>
     <span class='ocr_line' id='line_1_81' title="bbox 1652 2662 2302 2711; baseline 0 -4"><span class='ocrx_word' id='word_1_474' title='bbox 1652 2672 1695 2707; x_wconf 82' lang='grc' dir='ltr'>ι.</span> <span class='ocrx_word' id='word_1_475' title='bbox 1714 2663 1830 2709; x_wconf 80' lang='grc'><strong>349.</strong></span> <span class='ocrx_word' id='word_1_476' title='bbox 1852 2669 1908 2709; x_wconf 88' lang='lat' dir='ltr'>et</span> <span class='ocrx_word' id='word_1_477' title='bbox 1932 2673 1988 2711; x_wconf 84' lang='lat' dir='ltr'>x.</span> <span class='ocrx_word' id='word_1_478' title='bbox 2010 2664 2093 2709; x_wconf 71' lang='lat'>38.</span> <span class='ocrx_word' id='word_1_479' title='bbox 2126 2662 2302 2710; x_wconf 72' lang='lat' dir='ltr'>Amtz.</span> 
     </span>
    </p>

    <p class='ocr_par' dir='ltr' id='par_1_8' title="bbox 1647 2736 2716 3166">
     <span class='ocr_line' id='line_1_82' title="bbox 1716 2736 2716 2800; baseline -0.001 -13"><span class='ocrx_word' id='word_1_480' title='bbox 1716 2737 1853 2787; x_wconf 63' lang='lat' dir='ltr'>Car.</span> <span class='ocrx_word' id='word_1_481' title='bbox 1896 2750 2061 2787; x_wconf 78' lang='lat' dir='ltr'>xxix.</span> <span class='ocrx_word' id='word_1_482' title='bbox 2120 2739 2148 2800; x_wconf 63' lang='grc' dir='ltr'><strong>ς</strong></span> <span class='ocrx_word' id='word_1_483' title='bbox 2199 2740 2228 2784; x_wconf 94' lang='grc'><strong>1</strong></span> <span class='ocrx_word' id='word_1_484' title='bbox 2271 2736 2525 2798; x_wconf 76' lang='lat' dir='ltr'>Reliquias</span> <span class='ocrx_word' id='word_1_485' title='bbox 2562 2736 2716 2786; x_wconf 78' lang='lat' dir='ltr'>Seno-</span> 
     </span>
     <span class='ocr_line' id='line_1_83' title="bbox 1648 2812 2716 2875; baseline 0.002 -15"><span class='ocrx_word' id='word_1_486' title='bbox 1648 2812 1788 2875; x_wconf 74' lang='lat' dir='ltr'>num]</span> <span class='ocrx_word' id='word_1_487' title='bbox 1833 2812 1987 2863; x_wconf 80' lang='lat' dir='ltr'>Hanc</span> <span class='ocrx_word' id='word_1_488' title='bbox 2026 2813 2296 2863; x_wconf 75' lang='lat' dir='ltr'>historiam</span> <span class='ocrx_word' id='word_1_489' title='bbox 2338 2814 2483 2862; x_wconf 86' lang='lat' dir='ltr'>Titus</span> <span class='ocrx_word' id='word_1_490' title='bbox 2533 2813 2716 2862; x_wconf 80' lang='lat' dir='ltr'>Livius</span> 
     </span>
     <span class='ocr_line' id='line_1_84' title="bbox 1649 2888 2713 2952; baseline 0.002 -15"><span class='ocrx_word' id='word_1_491' title='bbox 1649 2890 1875 2952; x_wconf 88' lang='lat' dir='ltr'>septimo</span> <span class='ocrx_word' id='word_1_492' title='bbox 1921 2888 1988 2938; x_wconf 86' lang='lat' dir='ltr'>ab</span> <span class='ocrx_word' id='word_1_493' title='bbox 2036 2889 2184 2938; x_wconf 86' lang='lat' dir='ltr'>Urbe</span> <span class='ocrx_word' id='word_1_494' title='bbox 2237 2889 2463 2951; x_wconf 83' lang='lat' dir='ltr'>condita,</span> <span class='ocrx_word' id='word_1_495' title='bbox 2507 2888 2713 2939; x_wconf 75' lang='lat' dir='ltr'>Gellius</span> 
     </span>
     <span class='ocr_line' id='line_1_85' title="bbox 1651 2964 2714 3028; baseline 0.003 -15"><span class='ocrx_word' id='word_1_496' title='bbox 1651 2978 1781 3013; x_wconf 84' lang='lat' dir='ltr'>vm.</span> <span class='ocrx_word' id='word_1_497' title='bbox 1822 2969 1903 3015; x_wconf 84' lang='lat'>11.</span> <span class='ocrx_word' id='word_1_498' title='bbox 1948 2966 2218 3028; x_wconf 77' lang='lat' dir='ltr'>eleganter</span> <span class='ocrx_word' id='word_1_499' title='bbox 2264 2964 2527 3016; x_wconf 80' lang='lat' dir='ltr'>tradidere</span> <span class='ocrx_word' id='word_1_500' title='bbox 2548 2981 2561 3009; x_wconf 90' lang='lat'>:</span> <span class='ocrx_word' id='word_1_501' title='bbox 2616 2965 2714 3016; x_wconf 81' lang='lat' dir='ltr'>hoc</span> 
     </span>
     <span class='ocr_line' id='line_1_86' title="bbox 1648 3040 2713 3105; baseline 0.003 -16"><span class='ocrx_word' id='word_1_502' title='bbox 1648 3049 1823 3090; x_wconf 83' lang='lat' dir='ltr'>autem</span> <span class='ocrx_word' id='word_1_503' title='bbox 1859 3040 1962 3090; x_wconf 85' lang='lat' dir='ltr'>fuit</span> <span class='ocrx_word' id='word_1_504' title='bbox 1994 3042 2056 3091; x_wconf 86' lang='lat'>1..</span> <span class='ocrx_word' id='word_1_505' title='bbox 2087 3041 2260 3097; x_wconf 78' lang='lat' dir='ltr'>Furio,</span> <span class='ocrx_word' id='word_1_506' title='bbox 2291 3042 2369 3092; x_wconf 76' lang='lat' dir='ltr'>cl.</span> <span class='ocrx_word' id='word_1_507' title='bbox 2394 3040 2567 3105; x_wconf 85' lang='lat' dir='ltr'>Appio</span> <span class='ocrx_word' id='word_1_508' title='bbox 2592 3057 2713 3092; x_wconf 89' lang='lat' dir='ltr'>con-</span> 
     </span>
     <span class='ocr_line' id='line_1_87' title="bbox 1647 3117 2063 3166; baseline -0.002 -1"><span class='ocrx_word' id='word_1_509' title='bbox 1647 3117 1863 3166; x_wconf 83' lang='lat' dir='ltr'>sulibus.</span> <span class='ocrx_word' id='word_1_510' title='bbox 1898 3117 2063 3166; x_wconf 69' lang='lat' dir='ltr'>Maeli.</span> 
     </span>
    </p>

    <p class='ocr_par' dir='ltr' id='par_1_9' title="bbox 1644 3194 2713 3473">
     <span class='ocr_line' id='line_1_88' title="bbox 1720 3194 2713 3258; baseline 0.001 -13"><span class='ocrx_word' id='word_1_511' title='bbox 1720 3194 1964 3258; x_wconf 70' lang='lat' dir='ltr'>Valerius]</span> <span class='ocrx_word' id='word_1_512' title='bbox 1989 3196 2296 3244; x_wconf 75' lang='lat' dir='ltr'>Praenomen</span> <span class='ocrx_word' id='word_1_513' title='bbox 2321 3210 2352 3243; x_wconf 89' lang='lat' dir='ltr'>a</span> <span class='ocrx_word' id='word_1_514' title='bbox 2373 3194 2434 3243; x_wconf 86' lang='lat' dir='ltr'>L.</span> <span class='ocrx_word' id='word_1_515' title='bbox 2458 3194 2599 3243; x_wconf 81' lang='lat' dir='ltr'>Anu.</span> <span class='ocrx_word' id='word_1_516' title='bbox 2623 3196 2713 3246; x_wconf 86' lang='lat' dir='ltr'>Se-</span> 
     </span>
     <span class='ocr_line' id='line_1_89' title="bbox 1644 3271 2710 3336; baseline 0.001 -17"><span class='ocrx_word' id='word_1_517' title='bbox 1644 3284 1780 3320; x_wconf 80' lang='lat' dir='ltr'>neca</span> <span class='ocrx_word' id='word_1_518' title='bbox 1801 3272 2059 3336; x_wconf 83' lang='lat' dir='ltr'>Epitomae</span> <span class='ocrx_word' id='word_1_519' title='bbox 2082 3271 2145 3320; x_wconf 87' lang='grc' dir='ltr'>Τ.</span> <span class='ocrx_word' id='word_1_520' title='bbox 2162 3271 2297 3319; x_wconf 85' lang='lat' dir='ltr'>Livii</span> <span class='ocrx_word' id='word_1_521' title='bbox 2318 3278 2537 3321; x_wconf 81' lang='lat' dir='ltr'>auctore</span> <span class='ocrx_word' id='word_1_522' title='bbox 2571 3273 2588 3299; x_wconf 90' lang='lat'>‘</span> <span class='ocrx_word' id='word_1_523' title='bbox 2608 3273 2710 3321; x_wconf 88' lang='lat' dir='ltr'>Lu·</span> 
     </span>
     <span class='ocr_line' id='line_1_90' title="bbox 1644 3347 2709 3412; baseline 0.001 -16"><span class='ocrx_word' id='word_1_524' title='bbox 1644 3347 1751 3404; x_wconf 83' lang='lat' dir='ltr'>cii‚’</span> <span class='ocrx_word' id='word_1_525' title='bbox 1784 3364 1817 3397; x_wconf 79' lang='lat' dir='ltr'>a</span> <span class='ocrx_word' id='word_1_526' title='bbox 1854 3349 2024 3398; x_wconf 84' lang='lat' dir='ltr'>Fastis</span> <span class='ocrx_word' id='word_1_527' title='bbox 2061 3348 2293 3412; x_wconf 75' lang='lat' dir='ltr'>Capitol.</span> <span class='ocrx_word' id='word_1_528' title='bbox 2339 3350 2356 3378; x_wconf 90' lang='lat'>‘</span> <span class='ocrx_word' id='word_1_529' title='bbox 2378 3347 2580 3397; x_wconf 85' lang='lat' dir='ltr'>Marci&#39;</span> <span class='ocrx_word' id='word_1_530' title='bbox 2618 3349 2709 3397; x_wconf 88' lang='lat' dir='ltr'>tri-</span> 
     </span>
     <span class='ocr_line' id='line_1_91' title="bbox 1646 3422 2059 3473; baseline 0 -1"><span class='ocrx_word' id='word_1_531' title='bbox 1646 3422 1839 3473; x_wconf 78' lang='lat' dir='ltr'>buitur.</span> <span class='ocrx_word' id='word_1_532' title='bbox 1872 3423 2059 3473; x_wconf 70' lang='lat' dir='ltr'>sehon.</span> 
     </span>
    </p>

    <p class='ocr_par' dir='ltr' id='par_1_10' title="bbox 1635 3498 2710 4336">
     <span class='ocr_line' id='line_1_92' title="bbox 1710 3498 2708 3564; baseline 0.001 -16"><span class='ocrx_word' id='word_1_533' title='bbox 1710 3500 1976 3563; x_wconf 77' lang='lat' dir='ltr'>Coruinus}</span> <span class='ocrx_word' id='word_1_534' title='bbox 2007 3500 2092 3549; x_wconf 88' lang='lat' dir='ltr'>De</span> <span class='ocrx_word' id='word_1_535' title='bbox 2112 3502 2129 3528; x_wconf 91' lang='lat'>‘</span> <span class='ocrx_word' id='word_1_536' title='bbox 2146 3500 2354 3549; x_wconf 86' lang='lat' dir='ltr'>Corvini</span> <span class='ocrx_word' id='word_1_537' title='bbox 2373 3498 2396 3522; x_wconf 68' lang='lat'><em>&#39;</em></span> <span class='ocrx_word' id='word_1_538' title='bbox 2413 3501 2708 3564; x_wconf 73' lang='lat' dir='ltr'>agnomine,</span> 
     </span>
     <span class='ocr_line' id='line_1_93' title="bbox 1643 3576 2708 3641; baseline -0.002 -13"><span class='ocrx_word' id='word_1_539' title='bbox 1643 3593 1738 3628; x_wconf 85' lang='lat' dir='ltr'>seu</span> <span class='ocrx_word' id='word_1_540' title='bbox 1758 3577 2085 3640; x_wconf 78' lang='lat' dir='ltr'>cognomine,</span> <span class='ocrx_word' id='word_1_541' title='bbox 2105 3584 2341 3640; x_wconf 75' lang='lat' dir='ltr'>pugnant</span> <span class='ocrx_word' id='word_1_542' title='bbox 2357 3576 2521 3626; x_wconf 85' lang='lat' dir='ltr'>docti.</span> <span class='ocrx_word' id='word_1_543' title='bbox 2565 3578 2708 3641; x_wconf 77' lang='lat' dir='ltr'>Sigo-</span> 
     </span>
     <span class='ocr_line' id='line_1_94' title="bbox 1640 3654 2708 3718; baseline -0.001 -14"><span class='ocrx_word' id='word_1_544' title='bbox 1640 3658 1755 3705; x_wconf 89' lang='lat' dir='ltr'>nius</span> <span class='ocrx_word' id='word_1_545' title='bbox 1781 3657 1964 3704; x_wconf 77' lang='lat' dir='ltr'>Coruus</span> <span class='ocrx_word' id='word_1_546' title='bbox 1985 3654 2139 3703; x_wconf 83' lang='lat' dir='ltr'>scribi</span> <span class='ocrx_word' id='word_1_547' title='bbox 2167 3656 2281 3704; x_wconf 85' lang='lat' dir='ltr'>vult</span> <span class='ocrx_word' id='word_1_548' title='bbox 2310 3669 2376 3703; x_wconf 86' lang='lat' dir='ltr'>ex</span> <span class='ocrx_word' id='word_1_549' title='bbox 2398 3654 2708 3718; x_wconf 73' lang='lat' dir='ltr'>Capitolinis</span> 
     </span>
     <span class='ocr_line' id='line_1_95' title="bbox 1638 3730 2707 3794; baseline -0.002 -12"><span class='ocrx_word' id='word_1_550' title='bbox 1638 3730 2007 3794; x_wconf 74' lang='lat' dir='ltr'>Marmqribns,</span> <span class='ocrx_word' id='word_1_551' title='bbox 2040 3738 2099 3780; x_wconf 83' lang='lat' dir='ltr'>et</span> <span class='ocrx_word' id='word_1_552' title='bbox 2126 3730 2329 3779; x_wconf 87' lang='lat' dir='ltr'>ratione</span> <span class='ocrx_word' id='word_1_553' title='bbox 2352 3732 2673 3779; x_wconf 83' lang='lat' dir='ltr'>assentiente</span> <span class='ocrx_word' id='word_1_554' title='bbox 2689 3745 2707 3780; x_wconf 76' lang='lat' dir='ltr'>z</span> 
     </span>
     <span class='ocr_line' id='line_1_96' title="bbox 1637 3804 2710 3871; baseline -0.007 -11"><span class='ocrx_word' id='word_1_555' title='bbox 1637 3805 2104 3862; x_wconf 82' lang='lat' dir='ltr'>Quemadmodum,</span> <span class='ocrx_word' id='word_1_556' title='bbox 2113 3807 2296 3871; x_wconf 88' lang='lat' dir='ltr'>inquit,</span> <span class='ocrx_word' id='word_1_557' title='bbox 2308 3804 2510 3861; x_wconf 87' lang='lat' dir='ltr'>‘Albus,</span> <span class='ocrx_word' id='word_1_558' title='bbox 2522 3804 2710 3862; x_wconf 73' lang='lat' dir='ltr'>Rufus,</span> 
     </span>
     <span class='ocr_line' id='line_1_97' title="bbox 1637 3881 2707 3948; baseline -0.003 -13"><span class='ocrx_word' id='word_1_559' title='bbox 1637 3886 1872 3948; x_wconf 86' lang='lat' dir='ltr'>Crassus,</span> <span class='ocrx_word' id='word_1_560' title='bbox 1893 3885 2111 3944; x_wconf 87' lang='lat' dir='ltr'>Luscus,</span> <span class='ocrx_word' id='word_1_561' title='bbox 2132 3885 2337 3945; x_wconf 75' lang='lat' dir='ltr'>Longus</span> <span class='ocrx_word' id='word_1_562' title='bbox 2353 3881 2368 3903; x_wconf 92' lang='lat'><em>&#39;</em></span> <span class='ocrx_word' id='word_1_563' title='bbox 2401 3886 2707 3945; x_wconf 84' lang='lat' dir='ltr'>cognomina</span> 
     </span>
     <span class='ocr_line' id='line_1_98' title="bbox 1635 3960 2705 4026; baseline -0.002 -15"><span class='ocrx_word' id='word_1_564' title='bbox 1635 3962 1856 4026; x_wconf 82' lang='lat' dir='ltr'>primum</span> <span class='ocrx_word' id='word_1_565' title='bbox 1870 3963 2085 4010; x_wconf 78' lang='lat' dir='ltr'>inventa</span> <span class='ocrx_word' id='word_1_566' title='bbox 2097 3968 2237 4020; x_wconf 84' lang='lat' dir='ltr'>sunt,</span> <span class='ocrx_word' id='word_1_567' title='bbox 2252 3967 2376 4023; x_wconf 85' lang='lat' dir='ltr'>post</span> <span class='ocrx_word' id='word_1_568' title='bbox 2396 3969 2574 4010; x_wconf 79' lang='lat' dir='ltr'>sutem</span> <span class='ocrx_word' id='word_1_569' title='bbox 2596 3960 2705 4010; x_wconf 80' lang='lat' dir='ltr'>‘Al-</span> 
     </span>
     <span class='ocr_line' id='line_1_99' title="bbox 1635 4036 2703 4103; baseline -0.003 -13"><span class='ocrx_word' id='word_1_570' title='bbox 1635 4040 1809 4103; x_wconf 83' lang='lat' dir='ltr'>binus,</span> <span class='ocrx_word' id='word_1_571' title='bbox 1841 4038 2077 4095; x_wconf 87' lang='lat' dir='ltr'>Rufinus,</span> <span class='ocrx_word' id='word_1_572' title='bbox 2104 4037 2398 4099; x_wconf 78' lang='lat' dir='ltr'>Crassinus,</span> <span class='ocrx_word' id='word_1_573' title='bbox 2429 4036 2703 4094; x_wconf 82' lang='lat' dir='ltr'>Luscinus.</span> 
     </span>
     <span class='ocr_line' id='line_1_100' title="bbox 1635 4114 2701 4181; baseline -0.005 -14"><span class='ocrx_word' id='word_1_574' title='bbox 1635 4114 1936 4181; x_wconf 69' lang='lat' dir='ltr'>Longinus:</span> <span class='ocrx_word' id='word_1_575' title='bbox 1970 4114 2293 4178; x_wconf 81' lang='lat' dir='ltr'>subsequuta</span> <span class='ocrx_word' id='word_1_576' title='bbox 2326 4122 2444 4161; x_wconf 87' lang='lat' dir='ltr'>sunt</span> <span class='ocrx_word' id='word_1_577' title='bbox 2465 4131 2479 4160; x_wconf 68' lang='grc' dir='ltr'>ι</span> <span class='ocrx_word' id='word_1_578' title='bbox 2515 4115 2589 4163; x_wconf 84' lang='lat' dir='ltr'>sic</span> <span class='ocrx_word' id='word_1_579' title='bbox 2613 4114 2701 4177; x_wconf 84' lang='lat' dir='ltr'>qui</span> 
     </span>
     <span class='ocr_line' id='line_1_101' title="bbox 1636 4191 2699 4258; baseline -0.004 -16"><span class='ocrx_word' id='word_1_580' title='bbox 1636 4195 1833 4258; x_wconf 81' lang='lat' dir='ltr'>primus</span> <span class='ocrx_word' id='word_1_581' title='bbox 1874 4206 2160 4254; x_wconf 82' lang='lat' dir='ltr'>cognomen</span> <span class='ocrx_word' id='word_1_582' title='bbox 2200 4191 2299 4241; x_wconf 88' lang='lat' dir='ltr'>hoc</span> <span class='ocrx_word' id='word_1_583' title='bbox 2337 4191 2457 4239; x_wconf 90' lang='lat' dir='ltr'>tulit</span> <span class='ocrx_word' id='word_1_584' title='bbox 2500 4193 2699 4251; x_wconf 77' lang='lat' dir='ltr'>Cornus,</span> 
     </span>
     <span class='ocr_line' id='line_1_102' title="bbox 1636 4268 2695 4336; baseline -0.008 -12"><span class='ocrx_word' id='word_1_585' title='bbox 1636 4271 1833 4336; x_wconf 78' lang='lat' dir='ltr'>posteri</span> <span class='ocrx_word' id='word_1_586' title='bbox 1880 4269 2081 4320; x_wconf 73' lang='lat' dir='ltr'>Corvini</span> <span class='ocrx_word' id='word_1_587' title='bbox 2121 4268 2266 4320; x_wconf 77' lang='lat' dir='ltr'>dieti.</span> <span class='ocrx_word' id='word_1_588' title='bbox 2330 4268 2527 4319; x_wconf 79' lang='lat' dir='ltr'>Tamen</span> <span class='ocrx_word' id='word_1_589' title='bbox 2571 4269 2695 4318; x_wconf 85' lang='lat' dir='ltr'>Mss.</span> 
     </span>
    </p>
   </div>
   <div class='ocr_carea' id='block_1_5' title="bbox 2961 109 2995 2169">
    <p class='ocr_par' dir='ltr' id='par_1_11' title="bbox 2961 109 2995 2169">
     <span class='ocr_line' id='line_1_103' title="bbox 2961 109 2995 2169; baseline 0 0"><span class='ocrx_word' id='word_1_590' title='bbox 2961 109 2995 2169; x_wconf 95' lang='lat' dir='ltr'> </span> 
     </span>
    </p>
   </div>
  </div>
 </body>
</html>
