3025 4934
403 369 536 438 462
1101 389 1321 440 No‘rAE
1367 386 1780 440 vAmoRunr
1826 390 1911 439 m

403 532 712 598 scripturam
752 532 913 583 velim·
942 532 1307 597 condemnare,
1345 547 1461 583 cum

398 616 580 674 preter
600 615 756 661 cetera
777 611 846 660 sit
873 610 890 637 ‘
911 617 1106 674 proeter
1125 618 1332 660 ceteras
1353 610 1460 660 ani-

400 688 473 737 mi
495 687 682 744 dotes,'
712 690 730 717 *
758 694 955 752 praeter
977 694 1182 739 ceteras
1203 687 1460 753 nequitias

401 771 456 814 et
480 764 768 821 versutias?
789 766 806 793 ‘
833 771 1027 828 praeter
1048 770 1251 812 ceteras
1275 766 1355 811 res
1378 763 1460 811 vel

402 839 580 890 artes.'
645 841 865 892 Terent.
889 840 944 889 in
966 838 1134 889 Andr.
1168 846 1272 888 act.
1304 852 1345 889 1.
1383 853 1460 888 sc.

402 921 452 966 1.
487 931 624 967 vers.
656 920 738 968 31.
789 918 805 944 ‘
827 916 1025 966 Horum
1049 915 1137 965 ille
1159 915 1285 964 nihil
1308 928 1457 978 egre·

395 993 485 1057 gie
530 1001 726 1058 praeter
766 1003 945 1044 cetera
979 991 1275 1043 studebat?
1342 993 1458 1044 Nec

398 1071 617 1121 multum
636 1070 746 1120 abit
767 1070 835 1120 ab
850 1069 947 1119 hac
963 1068 1223 1118 locutione
1239 1068 1456 1118 Plautus

396 1146 590 1211 Amph.
612 1161 677 1197 11.
701 1150 782 1197 11.
807 1149 922 1196 140.
955 1145 972 1172 ‘
997 1145 1146 1194 Enim
1180 1158 1302 1193 vero
1325 1145 1455 1195 illud

398 1231 595 1288 praeter
650 1224 752 1274 alia
805 1222 935 1272 mira
987 1221 1145 1271 miror
1198 1221 1457 1272 maxime)

397 1299 576 1351 Aratz.

462 1380 492 1442 §
515 1385 544 1428 6
578 1377 941 1444 Appellam’tqioe
975 1373 1258 1438 maximam]
1292 1376 1452 1426 Varie

397 1454 613 1519 tradunt
641 1454 693 1503 id
716 1459 952 1504 veteres:
984 1451 1192 1515 quidam
1212 1450 1335 1503 Jovi
1364 1451 1453 1501 In·

396 1531 603 1581 venturi
655 1544 770 1580 eam
825 1529 1097 1580 dedicasse
1151 1528 1453 1585 Herculem,

394 1607 602 1673 quidam
625 1623 716 1657 suo
737 1607 934 1657 numini
966 1620 1054 1655 seu
1079 1605 1208 1667 sibi3
1239 1604 1295 1654 id
1315 1605 1451 1656 enim

395 1683 559 1734 voluit
581 1684 786 1734 Solinus
808 1683 861 1732 in
885 1681 1072 1746 Polyb.
1098 1695 1213 1745 cap.
1236 1694 1275 1730 ι.
1307 1683 1324 1710 ⁸
1346 1681 1453 1732 Suo

393 1775 598 1827 quoque
619 1758 815 1811 numini
848 1760 987 1809 idem
1013 1758 1272 1809 Hercules
1305 1755 1453 1808 insti-

391 1837 500 1888 tuit
521 1851 681 1894 aram,
703 1851 818 1902 quae
840 1835 1062 1886 maxima
1084 1834 1223 1899 apud
1249 1834 1452 1899 pontifi·

390 1928 483 1964 ces
503 1912 779 1963 habeturz'
809 1911 885 1962 ihi
904 1926 988 1961 sno
1015 1910 1201 1961 ”amitti
1222 1918 1303 1960 est
1323 1910 1418 1961 siba·
1429 1927 1452 1970 ‚·

390 1991 516 2056 qnia
537 1992 649 2055 jam
693 1990 802 2041 tum
846 1989 1134 2038 divinitatis
1181 1990 1301 2038 suae'
1334 1997 1453 2040 erat

390 2068 604 2118 certior.
667 2068 826 2130 Prop.
848 2067 930 2115 El.
954 2078 1032 2115 xv.
1054 2069 1105 2113 7.
1127 2078 1203 2113 vs.
1223 2067 1305 2114 82.
1337 2067 1355 2092 ⁶
1378 2065 1449 2114 Et

387 2159 648 2209 nunquam
699 2143 967 2192 Herculeo
1019 2142 1229 2190 numine
1284 2141 1450 2204 pallet

389 2219 556 2270 ebur.'
631 2218 859 2283 Epithal.
901 2217 1099 2268 Incerti
1139 2217 1356 2268 Maxim.
1392 2227 1449 2268 et

390 2296 576 2347 const.
605 2296 736 2346 dict.
763 2310 883 2359 cap.
904 2308 986 2344 xl.
1009 2297 1038 2359 ς
1060 2298 1113 2344 3.
1143 2295 1159 2321 ‘
1183 2294 1345 2358 Cujus
1369 2301 1451 2344 tot

389 2389 528 2430 aras,
571 2381 653 2425 tot
697 2374 914 2436 templa,
955 2378 1035 2422 tot
1073 2371 1281 2420 numina
1316 2373 1447 2431 colo,

386 2450 648 2500 Hercules
673 2447 877 2499 deditz'
906 2448 981 2498 sic
1012 2449 1148 2497 enim
1171 2447 1446 2511 legendum

323 2554 336 2572 .
386 2526 616 2590 videtur,
659 2542 761 2576 non
811 2526 1035 2575 nomina.-
1078 2525 1264 2588 singuli
1308 2527 1446 2575 enim

386 2603 664 2670 Dii·plura
697 2603 963 2654 habebant
995 2601 1224 2651 numina.
1291 2602 1446 2653 Cete-

386 2695 501 2731 rum
541 2681 608 2731 de
643 2695 734 2731 ara
776 2681 892 2744 ipsa
927 2677 1124 2741 inspice
1163 2676 1350 2727 Heius.
1377 2678 1444 2729 ad

386 2757 548 2808 Ovid.
575 2759 720 2808 Fast.
742 2771 782 2808 ι.
805 2760 921 2807 580.
986 2754 1182 2803 Donat.
1217 2753 1284 2803 de
1313 2754 1446 2806 Urb.

384 2835 538 2885 Rom.
553 2849 616 2884 11.
631 2840 716 2885 26.
765 2833 926 2885 Gron.
944 2831 1010 2881 ad
1029 2831 1142 2880 Liv.
1158 2829 1248 2881 lib.
1262 2845 1305 2880 1.
1327 2846 1445 2894 cap.

383 2915 436 2960 7.
503 2910 675 2960 Cerda
707 2910 776 2959 ad
817 2909 964 2971 Virg.
1008 2907 1124 2957 AEn.
1165 2919 1292 2955 vm.
1324 2911 1443 2956 271.

385 2987 543 3036 Salm.
575 2987 627 3036 in
662 2988 852 3036 Exerc.
887 2984 1026 3033 Plin.
1060 2996 1115 3045 p.
1137 2986 1186 3030 7.
1223 2988 1280 3031 et
1312 2982 1442 3032 Ber·

383 3063 511 3113 tald.
550 3064 619 3115 de
657 3064 780 3120 Ara,
801 3062 955 3112 Thes.
994 3060 1174 3112 Graev.
1214 3069 1336 3110 tom.
1366 3074 1440 3111 vr.

380 3154 503 3205 cap.
527 3145 606 3191 11.
641 3144 835 3191 Arnim*

448 3217 586 3266 Cu».
608 3230 710 3267 vn.
763 3219 791 3280 ς
815 3221 847 3266 2
888 3214 1102 3278 Violure]
1139 3214 1306 3264 Recte
1326 3214 1439 3264 haec

381 3306 484 3342 vox
519 3293 587 3342 de
622 3295 716 3344 tali
748 3302 1000 3350 armento,
1036 3292 1173 3356 qnod
1207 3292 1318 3341 Diis
1356 3298 1440 3342 est

380 3378 759 3432 consecratum,
774 3377 829 3419 et
852 3368 916 3419 ad
939 3383 1029 3425 eos
1048 3367 1294 3432 pertinet.
1327 3367 1439 3433 Hy·

377 3447 484 3509 gin.
498 3444 605 3496 fab.
624 3459 796 3496 cxxv.
817 3460 867 3510 p.
885 3449 998 3494 188.
1024 3446 1040 3473 ‘
1056 3445 1161 3494 Sed
1185 3445 1262 3493 ira
1281 3444 1438 3509 Solis,

377 3522 517 3588 quod
551 3537 710 3587 pecus
743 3524 857 3588 ejus
893 3531 1008 3572 erat
1030 3523 1296 3582 violatum,
1318 3537 1436 3573 cum

376 3598 433 3646 in
468 3599 684 3649 insulam
722 3602 839 3663 ejus
876 3600 1123 3660 venisset,
1155 3607 1210 3649 et
1238 3601 1437 3651 monitu

377 3673 590 3725 Tireeiae
614 3683 859 3726 vetuerat
880 3676 1096 3726 violari!
1129 3677 1306 3726 Amtz.

372 3774 377 3781 ·
441 3751 699 3802 Latronem
720 3753 972 3817 quendam]
994 3753 1176 3817 Virgil.
1200 3754 1318 3804 AEn.
1344 3753 1434 3803 lib.

376 3840 502 3877 vm.
545 3842 682 3879 nunc
735 3827 1048 3890 semiferum,
1097 3843 1230 3879 nnnc
1284 3829 1435 3878 semi·

374 3903 631 3954 hominem
654 3905 916 3970 appellat3
949 3906 1035 3970 qui
1057 3905 1140 3955 hic
1167 3905 1430 3970 legendus.

374 3980 565 4032 Sclwtt.
977 3977 981 3981 ’

439 4058 776 4122 Abstraaeisse]
827 4059 1152 4109 Conveniens
1193 4059 1311 4110 hnic
1355 4059 1433 4110 rei

374 4147 496 4199 vox,
518 4149 634 4199 quae
662 4136 726 4185 de
757 4133 912 4185 furtis
945 4134 1101 4185 boum
1125 4136 1430 4190 adhibetur:

372 4212 471 4260 hac
494 4213 675 4261 eadem
698 4212 750 4261 in
773 4213 982 4264 historia
1004 4214 1152 4277 virg.
1173 4213 1288 4263 AEn.
1308 4227 1433 4264 vm.

372 4291 490 4338 263.
526 4290 542 4317 ‘
569 4287 969 4356 Abstractaeque
1007 4290 1183 4346 boves,
1224 4289 1428 4353 abjurat-

1540 537 1713 596 taeque
1738 532 1969 597 rapinae!
2001 535 2199 586 Statius
2220 534 2467 589 Achiua.
2484 543 2597 590 153.

1537 609 1552 635 ‘
1579 608 1879 674 Raptasque
1902 610 2097 667 domos,
2121 613 2487 680 abstractaque
2509 633 2597 665 co·

1536 699 1647 734 ram
1689 686 1981 740 Armenta?
2046 688 2207 741 Ovid.
2245 691 2387 740 Fast.
2415 707 2455 741 1.
2480 699 2595 745 550.

1536 769 1552 792 ⁸
1578 764 1838 814 Traxerat
1860 780 2068 816 aversos
2086 767 2254 817 Cacus
2269 768 2329 817 ›in
2355 776 2505 818 antra
2520 770 2596 819 fe-

1535 837 1656 888 ros.’
1722 842 1854 893 Quae
1892 841 2115 906 adduco,
2149 857 2214 892 ne
2247 845 2496 896 hoc'loco
2518 854 2595 898 te-

1533 929 1677 965 mere
1717 917 1980 967 attraxisse
2023 926 2314 983 reponatur.
2405 923 2594 975 Latine

1533 991 1668 1040 enim
1709 994 1865 1044 etiam
1904 994 2094 1045 dicitur
2126 997 2143 1023 ‘
2167 996 2497 1049 abstrahere’
2540 1002 2593 1050 in

1533 1069 1852 1132 speluncam,
1883 1071 1937 1120 in
1969 1072 2192 1136 aliquem
2215 1075 2401 1125 locum.
2467 1077 2595 1128 Sall.

1530 1144 1656 1207 Jug.
1674 1161 1722 1195 c.
1750 1161 1918 1197 xxix.
1953 1150 1979 1212 ᾧ
2000 1153 2050 1197 2.
2082 1155 2097 1178 ·
2117 1148 2165 1199 Α
2189 1149 2323 1200 bono
2350 1151 2593 1204 honesto·

1529 1236 1636 1285 que
1679 1223 1733 1272 in
1779 1239 1995 1288 pravum
2034 1225 2322 1278 abstractus
2367 1230 2496 1280 estz’
2536 1240 2592 1282 et

1531 1312 1579 1348 c.
1605 1313 1716 1351 xm.
1740 1303 1836 1366 §12
1858 1303 1874 1330 ‘
1893 1303 1958 1353 In
1990 1304 2119 1355 duas
2143 1315 2317 1370 partes
2355 1308 2592 1361 abstrac-

1509 1382 1588 1425 ta
1608 1379 1768 1433 sunt,'
1787 1383 1885 1430 ὅτε.
1919 1381 2098 1432 Arntz.

1571 1455 1622 1518 *§
1645 1459 1677 1504 4
1716 1455 1873 1513 Quam
1913 1458 2177 1521 opinionem
2217 1463 2353 1525 sequi
2394 1465 2591 1529 metuit]

1527 1530 1714 1581 Metuo
1765 1547 1832 1583 ne
1882 1541 1938 1584 et
1986 1535 2337 1602 Harpyiarum
2392 1534 2589 1603 ungnes

1526 1605 1662 1655 hunc
1681 1607 1853 1658 locum
1876 1612 2295 1670 contaminarint,
2309 1626 2427 1664 cnm
2449 1618 2590 1680 prius

1526 1683 1699 1733 maluit
1719 1684 1982 1747 legeretur
1994 1703 2011 1736 ι
2036 1695 2327 1746 recte,nam
2346 1691 2589 1755 Virgilia-

1528 1771 1597 1807 na
1619 1758 1823 1809 AEneid.
1846 1774 1971 1811 vm.
1998 1766 2111 1812 198.
2133 1778 2249 1814 cum
2275 1766 2339 1814 iis
2369 1781 2485 1831 quae
2522 1783 2590 1817 ex

1527 1837 1798 1888 annalibus
1854 1838 2159 1903 pontificum
2203 1840 2288 1890 hic
2325 1843 2589 1910 leguntur,

1527 1914 1733 1976 gemina
1772 1923 1913 1965 sunt.
1946 1916 2132 1966 Seston.
2194 1918 2342 1967 Bene
2376 1921 2443 1969 ab
2473 1922 2587 1972 aliis

1524 1990 1775 2039 monitum
1814 1991 2169 2055 reponendum
2202 1994 2284 2043 vel
2318 1998 2454 2057 sequi
2485 2011 2589 2046 mu-

1523 2066 1637 2128 luit,
1652 2068 1736 2115 vel
1758 2068 1885 2116 haud
1905 2068 2037 2132 sequi
2054 2068 2239 2118 metuit.
2280 2070 2399 2119 Nisi
2418 2073 2461 2121 si
2484 2071 2588 2123 fuit

1522 2144 1657 2206 sequi
1675 2144 1866 2202 meruit,
1893 2158 1987 2208 pro
2019 2152 2035 2175 ⁸
2053 2160 2155 2194 non
2177 2153 2257 2194 est
2278 2145 2590 2211 dedignatus

1524 2219 1709 2284 sequi,’
1734 2224 1749 2248 ‘
1769 2220 1978 2284 dignam
1999 2222 2148 2271 duxit
2167 2237 2319 2286 quam
2342 2232 2587 2286 sequere·

1522 2296 1660 2357 tur‘3'
1689 2299 1816 2347 satis
1863 2313 2012 2349 nove.
2046 2297 2270 2361 Syzlmrg.
2302 2306 2358 2349 et
2385 2302 2585 2352 Gruter.

1521 2373 1618 2422 Vel
1650 2389 1743 2424 non
1780 2376 1951 2425 metuit
1981 2376 2260 2438 legendnm
2277 2392 2293 2436 3
2330 2380 2586 2442 ut·prima

1522 2450 1679 2501 litera
1698 2453 1852 2516 hujus
1877 2454 2018 2504 vocis
2037 2454 2353 2518 corruptioni
2375 2469 2582 2507 cansam

1522 2525 1748 2587 dederit,
1771 2544 1887 2579 cnm
1924 2546 2018 2580 non
2052 2531 2305 2595 particula
2327 2546 2423 2596 per
2445 2547 2585 2583 com·

1521 2603 1765 2665 pendium
1821 2621 1853 2656 a
1908 2606 2132 2657 librariis
2185 2607 2343 2657 scribi
2397 2611 2582 2659 soleat.

1521 2678 1680 2730 Certe
1721 2681 1933 2745 elegans
1976 2688 2060 2732 est
2101 2682 2315 2743 locutio,
2362 2685 2379 2712 ‘
2404 2689 2583 2734 metuo

1521 2756 1713 2821 aliquid
1757 2756 1967 2808 facere'
2006 2772 2125 2808 cum
2166 2758 2441 2823 infinitivo,
2485 2777 2580 2825 pro

1519 2846 1621 2881 non
1650 2834 1835 2891 arndeo,
1854 2836 1990 2885 nolo.
2052 2836 2170 2884 Val.
2193 2837 2363 2886 Flacc.
2384 2836 2598 2913 Argon.⁸

1518 2921 1618 2957 vn.
1647 2914 1759 2960 177.
1805 2913 1821 2939 ‘
1842 2911 1963 2963 Jam
2001 2911 2200 2962 foedera
2233 2911 2354 2963 faxo
2384 2915 2580 2965 AEsonii

1517 2985 1822 3053 petat'ipsa
1860 2989 1982 3051 viri,
2015 2997 2318 3053 metuatque
2353 2991 2581 3040 morari.’

1518 3059 1676 3110 Ovid.
1700 3062 1829 3112 Her.
1855 3077 1976 3115 xvi.
1997 3069 2114 3116 283.
2149 3066 2165 3093 ‘
2185 3066 2269 3116 An
2305 3067 2486 3130 pudet,
2522 3075 2580 3118 et

1513 3139 1702 3188 metuis
1722 3141 1984 3191 Venerem
2009 3150 2268 3202 temerare
2285 3145 2524 3192 maritam
2537 3144 2578 3193 2‘

1514 3214 1628 3263 Liv.
1670 3228 1859 3267 xxxn.
1895 3222 1987 3267 ¹31.
2038 3217 2055 3246 ‘
2079 3220 2154 3269 Ut
2188 3226 2393 3269 tentare
2430 3235 2578 3285 spem

1513 3292 1812 3344 certaminis
1868 3294 2223 3345 metuerent?
2274 3296 2361 3345 ubi
2412 3296 2580 3347 Gron.

1512 3368 1646 3419 Haec
1683 3378 1857 3421 autern
1892 3371 2151 3436 particula
2185 3385 2280 3420 non
2317 3374 2506 3435 saepius
2547 3390 2577 3422 a

1512 3445 1737 3497 librariis
1800 3446 1902 3497 fuit
1963 3446 2225 3508 neglecta,
2280 3450 2576 3510 praesertim

1512 3522 1653 3584 apud
1697 3523 1897 3584 Jctos;
1949 3523 2135 3587 quibus
2190 3521 2397 3572 unicum
2443 3525 2575 3575 solet

1511 3613 1626 3649 esse
1663 3600 1719 3649 in
1769 3597 2064 3662 desperatis
2098 3596 2226 3648 locis
2263 3598 2576 3662 perfugium.

1416 3712 1423 3719 -
1509 3676 1592 3728 Ex
1628 3675 1802 3725 multis
1838 3675 1957 3725 vide
1982 3675 2198 3725 Hotom.
2222 3674 2391 3725 Amic.
2416 3677 2572 3740 Resp.

1510 3766 1552 3804 ι.
1573 3758 1656 3803 20.
1705 3754 1885 3818 cujac.
1925 3751 2061 3802 Obs.
2098 3752 2187 3802 lib.
2212 3765 2253 3800 1.
2291 3767 2406 3816 cap.
2426 3758 2469 3802 1.
2514 3762 2571 3801 et

1508 3831 1599 3880 lib.
1616 3843 1727 3881 ιιι.
1766 3845 1886 3894 cap.
1913 3833 1993 3881 18.
2049 3827 2294 3880 Gothofr.
2336 3830 2401 3879 ad
2442 3830 2574 3879 Inst.

1508 3907 1577 3956 de
1613 3908 1734 3958 Rer.
1775 3907 1944 3958 Divis.
1984 3909 2094 3971 §9.
2130 3913 2186 3954 et
2218 3904 2285 3954 de
2322 3906 2569 3955 cont-rab.

1418 4006 1421 4013 ·
1508 3985 1649 4034 Emt.
1685 3984 1751 4033 ad
1790 3985 1825 4032 1.
1857 3986 1940 4032 57.
1971 3997 2053 4046 pr.
2087 3978 2143 4031 ff.
2173 3981 2569 4045 Schultingium3

1507 4072 1769 4124 nunquam
1790 4059 1901 4109 sine
1921 4059 2129 4108 lionoris
2148 4055 2458 4121 praefatione
2477 4059 2567 4107 mi·

1506 4136 1560 4185 1ιί
1585 4135 1967 4199 nominandum,
1988 4133 2054 4183 ad
2074 4131 2131 4183 ff.
2155 4134 2199 4182 si
2220 4132 2336 4197 quis
2358 4134 2448 4198 jus
2468 4136 2571 4186 dic.

1505 4215 1535 4277 §
1569 4217 1616 4264 1.
1654 4213 1788 4262 adde
1825 4213 2118 4264 comment.
2152 4209 2216 4261 ad
2258 4211 2431 4262 Cicer.
2471 4228 2567 4278 pro

1504 4289 1673 4344 Marc.
1697 4304 1815 4354 cap.
1835 4294 1885 4340 4.
1918 4290 2091 4339 Amtz.
2547 4298 2556 4307 ²
