3025 4934
521 351 657 424 6⁷4

588 513 730 564 Car·-
766 524 967 563 mxxiv.
1004 509 1032 572 §
1065 513 1091 562 1
1130 508 1312 559 Lucius
1342 505 1594 570 Lucanus]

528 588 594 639 In
625 589 837 653 scriptis
860 589 1000 639 libris
1024 588 1083 637 L.
1119 587 1340 637 Licinius
1368 585 1593 635 Lucanas

526 672 631 721 cst,
678 673 738 716 ut
793 673 849 713 et
899 665 952 713 in
1006 664 1222 714 Tabulis
1265 664 1592 726 Capitolinis.

529 744 722 795 Sason.
758 743 935 807 Atque
952 741 1134 791 eodem
1150 739 1305 790 modo
1330 741 1379 789 in
1404 740 1593 788 nostris

525 819 662 870 Mss.
674 828 732 869 et
744 817 865 867 edd.
876 826 999 867 ante
1016 817 1133 866 Ald.
1147 830 1309 881 qitare
1322 814 1593 864 debuimus

534 893 825 959 fugientem
850 908 1028 944 vocem
1056 906 1318 942 revocare.
1332 892 1507 943 Arutz.

531 1019 536 1026 .
596 970 852 1034 Distu-tn]
890 974 1099 1024 Quanta
1135 984 1259 1019 vero
1296 969 1455 1019 fuerit
1488 970 1593 1018 elo·

530 1051 762 1116 quentia,
780 1049 902 1099 hinc
926 1048 1148 1098 arbitror
1168 1061 1318 1110 posse
1344 1044 1595 1109 perfacile

526 1127 787 1193 judicari:
824 1131 841 1158 ⁸
860 1127 1058 1175 Ferunt
1079 1124 1218 1173 enim
1254 1122 1594 1172 Hortensium

447 1192 459 1203 ⁰
530 1203 868 1266 causidicum,
882 1209 935 1252 et
952 1201 1186 1252 Sisenem
1207 1199 1506 1248 historicum
1527 1211 1594 1248 ex

523 1281 649 1344 joco
671 1280 724 1328 in
749 1293 856 1328 rem
882 1280 1086 1339 seriam,
1112 1284 1170 1325 ut
1191 1274 1251 1326 fit
1271 1276 1594 1339 plerumque,

529 1370 808 1406 couversos
842 1355 1191 1418 composuisse
1216 1352 1459 1416 poemata
1480 1366 1596 1400 ora-

528 1435 671 1482 tione
695 1432 883 1483 Grasca
907 1432 1204 1496 pariterque
1222 1429 1409 1478 Latina
1424 1429 1599 1490 lingua

532 1509 803 1572 proposita
849 1523 932 1570 eo,
976 1522 1129 1572 quem
1175 1505 1412 1555 dedisset
1467 1517 1598 1566 sors,

531 1587 690 1647 stylo,
725 1600 892 1648 eaque
933 1585 1106 1647 lingua
1140 1589 1427 1633 uterentur.
1494 1580 1598 1629 Lu-

531 1661 702 1709 cullus
723 1660 1006 1709 Marsicum
1043 1672 1161 1707 cum
1199 1656 1459 1705 scriberet
1491 1655 1599 1703 bel-

530 1740 658 1797 lum,
696 1736 885 1799 obtigit
919 1736 968 1785 ei
1008 1743 1149 1784 sorte
1177 1734 1370 1783 Graeca
1408 1734 1599 1793 oratio,

521 1810 756 1861 ‘defluxit
793 1813 932 1860 enim
961 1810 1027 1859 ad
1065 1825 1157 1860 nos
1190 1824 1348 1874 usque
1384 1808 1598 1858 Marsici

531 1889 658 1938 belli
681 1889 895 1938 historia
909 1887 1098 1937 Graeco
1112 1900 1349 1935 sermone
1366 1883 1603 1949 scripta.’

531 1967 702 2018 stracti.
767 1966 943 2017 Quare
977 1964 1121 2013 Sulla
1150 1965 1308 2012 libros
1332 1964 1600 2012 Commen-

533 2042 779 2089 tariorum
812 2054 1016 2089 suorum
1039 2052 1188 2089 xxn.
1211 2040 1283 2088 illi
1314 2038 1599 2094 dedicavit,

536 2115 990 2179 eritetidandosque
1012 2116 1248 2164 tradidit.
1285 2115 1601 2164 Plutarchus

531 2206 716 2255 prorsa
744 2192 929 2241 Graece
955 2192 1144 2240 bellum
1178 2190 1446 2255 scripsisse
1474 2204 1600 2240 con-

525 2269 733 2330 jectat3
768 2282 919 2333 quem
946 2267 1082 2317 vide.
1104 2269 1293 2318 Schott.

603 2344 782 2408 Dives]
823 2344 1077 2394 Horatius
1105 2344 1243 2394 libro
1280 2343 1446 2409 primo
1482 2344 1601 2407 epi·

536 2419 783 2469 stolarum
824 2420 889 2472 ad
917 2420 1214 2471 Numicium
1246 2419 1300 2470 id
1335 2419 1621 2470 ostenditt-

536 2496 889 2562 ‘chlamydes
931 2498 1198 2559 Lucullus,
1250 2504 1308 2547 ut
1347 2497 1513 2560 aiunt,
1545 2498 1602 2547 Si

536 2582 717 2636 posset
745 2581 954 2623 centum
987 2587 1161 2623 scene
1183 2575 1418 2636 prebere
1454 2588 1602 2637 roga·

537 2659 643 2706 tus,
680 2649 785 2699 Qui
824 2663 1027 2713 possum
1053 2648 1175 2698 tot?
1219 2652 1321 2710 ait,
1349 2655 1523 2698 tamen
1548 2655 1604 2700 et

536 2740 788 2789 quaeram,
833 2731 889 2774 et
923 2731 1051 2789 quot
1081 2724 1306 2787 habebo,
1349 2725 1602 2776 Mittam:

535 2811 659 2865 post
694 2801 869 2864 paullo
903 2801 1108 2863 scribit,
1130 2799 1229 2850 sibi
1267 2802 1428 2852 millia
1454 2804 1603 2866 quin—

539 2892 644 2943 que
668 2878 802 2927 Esse
824 2876 964 2930 domi
986 2876 1351 2942 chlamydum-⁹
1372 2877 1543 2927 Μαι-Ιι.

601 2951 811 3015 Munus]
833 2953 1059 3003 Ludnm.
1081 2952 1248 3003 Maca.

606 3028 953 3094 Qmeorium]
997 3029 1163 3081 Quale
1195 3034 1478 3092 quaestores
1512 3041 1605 3078 ex-

540 3107 759 3156 istentes
785 3119 939 3169 agere
962 3104 1221 3154 solebant.
1243 3104 1408 3155 Maeli.

600 3185 628 3245 ᾧ
650 3186 681 3231 2
701 3183 826 3231 Mox
845 3195 931 3244 per
949 3179 1226 3243 Murenam]
1245 3181 1430 3242 volve,
1443 3181 1606 3230 solers

538 3260 725 3320 lector,
750 3257 815 3306 de
842 3257 924 3304 his
945 3256 1285 3308 Plutarchum
1318 3255 1370 3303 in
1407 3255 1607 3304 Luculli

542 3337 671 3396 vita,
709 3347 777 3383 ne
818 3334 969 3396 plura
1021 3330 1374 3382 transcribere
1428 3346 1604 3393 cogar.

540 3408 696 3462 Quod
731 3409 870 3457 ¹enim
898 3406 1140 3456 Aurelius
1162 3407 1475 3463 summatim,
1508 3408 1615 3457 his··

542 3486 741 3535 toricns
766 3484 1084 3534 Plutarchus
1120 3483 1370 3546 prolixius
1402 3486 1609 3542 asserit,

541 3561 799 3625 quendam
856 3558 1295 3609 adolescentulum
1352 3561 1607 3625 collegam

541 3640 594 3688 in
630 3637 920 3701 consulatu,
961 3637 1050 3702 qui
1089 3637 1295 3700 legatus
1333 3653 1361 3687 a
1386 3638 1609 3688 Mithra·

542 3719 666 3767 date
687 3721 771 3766 60.
808 3731 966 3765 naves
1003 3730 1123 3766 cum
1163 3715 1399 3765 omnibns
1435 3717 1609 3766 militi-

543 3794 639 3843 bus
667 3801 724 3841 et
747 3799 971 3857 quatuor
993 3793 1235 3848 militum,
1268 3794 1429 3842 millia
1457 3795 1608 3841 mise·

543 3878 644 3919 rat.
674 3868 838 3918 Maeli.
886 3867 1055 3933 [Vide
1078 3869 1252 3918 Lectt.
1279 3867 1429 3931 Var.]
1484 3870 1612 3918 Mos:

540 3945 626 3996 hic
641 3945 776 3993 idem
795 3944 898 3993 erit
917 3942 1054 4007 quod
1074 3944 1261 4007 deinde,
1281 3943 1413 3994 adeo
1433 3951 1490 3993 ut
1503 3958 1609 3993 non

541 4035 757 4070 necesse
784 4020 852 4068 sit
880 4018 979 4068 hoc
1001 4017 1199 4068 referre
1225 4020 1289 4068 ad
1313 4022 1609 4069 continuam

546 4096 799 4159 temporis
824 4094 1221 4144 successionem.
1246 4095 1279 4142 Ι.
1300 4099 1382 4144 22.
1422 4096 1449 4158 §
1475 4099 1533 4143 ’4.
1555 4094 1611 4144 ff.

545 4172 610 4222 ad
633 4174 686 4232 S,
701 4174 761 4223 C.
782 4169 1007 4221 Trebell.
1032 4173 1067 4220 l.
1085 4176 1168 4223 24.
1206 4172 1338 4224 Quoe
1364 4172 1416 4224 in
1434 4171 1607 4222 fraud.

542 4251 701 4301 Gred.
766 4250 978 4301 Servius
1002 4248 1068 4299 ad
1113 4250 1297 4315 Virgil-
1338 4250 1537 4315 Georg.
1572 4265 1610 4301 r.

1223 365 1444 417 NOTAE
1491 364 1902 415 vAmoRuu
1950 366 2032 415 ΙΝ

1662 513 1746 561 24.
1769 519 1821 558 et
1836 509 2051 559 Duker.
2074 507 2141 558 ad
2163 509 2306 558 Flor.
2334 522 2423 558 ur.
2445 511 2525 559 10.
2549 508 2652 572 53.
2674 507 2730 558 et

1663 602 1712 637 c.
1737 592 1818 637 19.
1841 587 1870 648 §
1892 591 1942 636 2.
1964 587 2139 638 Aratz.

1728 664 1905 728 Sulla]
1938 666 2049 715 Sub
2072 679 2173 729 quo
2194 664 2360 729 primo
2384 662 2594 713 meruit.
2611 662 2730 710 Mc*

1668 741 1807 792 chau.

1737 816 2043 879 Conciliavit]
2080 816 2393 866 Plutarchus
2431 814 2581 864 initio
2626 815 2732 865 Lu·

1666 895 1787 943 culli
1826 908 1924 943 uon
1960 893 2286 953 conciliasse,
2321 891 2414 941 sed
2445 892 2735 941 conciliare

1665 979 1907 1021 conatum
1932 984 2034 1020 non
2060 970 2291 1034 potuisse
2313 968 2509 1019 scribit.
2547 967 2738 1018 schott-

1666 1047 1794 1097 Not.
1816 1048 1948 1096 Min.
2722 1075 2729 1080 -

1729 1125 1756 1188 §
1799 1128 1832 1174 4
1865 1120 2132 1183 Adversus]
2184 1121 2426 1172 Adversus
2464 1119 2739 1170 Mithrida-

1667 1206 1763 1249 ten
1781 1202 1943 1250 consul
1975 1201 2147 1249 missus
2180 1199 2400 1262 amplius
2419 1206 2502 1248 est
2525 1198 2577 1247 iu
2602 1197 2738 1246 Mas.

1668 1277 1856 1327 δώσει.
1899 1278 2031 1328 Not.
2072 1277 2205 1325 Min.
2273 1276 2449 1324 Consul
2491 1274 2648 1323 abest
2673 1273 2740 1322 ab

1664 1355 1823 1405 editis
1848 1363 1968 1405 ante
1991 1354 2265 1403 Schottum
2286 1361 2339 1402 et
2367 1351 2608 1401 omnibns
2632 1367 2740 1401 ma·

1669 1445 1740 1480 nn
1764 1431 2008 1479 exaratis.
2040 1430 2214 1479 Arnez.
2292 1469 2297 1474 .

1739 1507 1934 1555 Cottam
1957 1502 2310 1567 Choleedoaioe]
2342 1502 2641 1552 Chalcedone
2665 1502 2740 1550 le&

1668 1582 1916 1645 gendum,
1938 1589 1994 1634 et
2028 1584 2106 1632 ita
2139 1582 2273 1631 Mss.
2295 1588 2474 1640 recte3
2497 1577 2589 1626 sed
2620 1578 2741 1627 Cot·

1670 1659 1793 1707 tinus
1833 1659 2085 1714 scribunt,
2124 1670 2228 1706 non
2266 1665 2430 1705 recte.
2464 1655 2563 1704 Est
2596 1655 2739 1703 enim

1673 1737 1752 1785 Μ.
1781 1735 2020 1786 Aurelius
2056 1736 2211 1784 Cotta
2232 1735 2433 1795 collega
2458 1733 2518 1782 1..
2546 1732 2741 1782 Licinii

1673 1812 1879 1861 Luculli
1902 1826 2039 1862 anno
2059 1822 2330 1861 mnxxrx.
2365 1809 2452 1859 Sic
2472 1810 2609 1857 enim
2634 1810 2744 1858 En·

1673 1889 1892 1952 tropius,
1932 1887 2205 1950 Appianas
2248 1887 2301 1934 in
2337 1884 2748 1947 Mithradaticls,

1673 1973 1730 2013 et
1769 1963 2078 2012 Plutarchus
2112 1963 2163 2012 in
2202 1961 2420 2011 Lucullo
2452 1961 2748 2012 nominant.

1674 2038 1864 2090 Scitote.

1740 2117 1819 2179 §5
1858 2114 2107 2178 Cyzicum]
2161 2113 2318 2166 Ponti
2352 2112 2553 2170 urbem,
2585 2124 2745 2177 quiam

1675 2190 2023 2242 Mithradates
2069 2192 2230 2240 iratus
2284 2202 2383 2238 rex
2435 2187 2747 2245 infestabat,

1676 2270 1797 2335 quia
1827 2282 1887 2319 x.
1910 2283 2072 2318 naves
2095 2276 2277 2318 contra
2298 2282 2354 2317 se
2376 2275 2432 2316 et
2456 2267 2561 2316 tria
2578 2267 2746 2316 homi-

1674 2361 1795 2396 num
1816 2347 1981 2396 millia
1996 2347 2049 2394 in
2070 2344 2493 2395 Chalcedouicam
2513 2358 2746 2407 pugnam

1676 2426 1943 2474 miserant.
1974 2423 2139 2474 Mach-
2206 2422 2432 2487 Cyzicum
2447 2421 2634 2471 obsidio
2649 2422 2750 2470 sol·

1670 2501 1748 2550 cit
1786 2503 1861 2551 ita
1907 2503 1958 2549 b.
1992 2498 2034 2548 f.
2068 2499 2321 2562 scriptum
2359 2498 2551 2562 reperi,
2584 2511 2746 2562 quam

1676 2578 1952 2628 lectionem
1975 2584 2160 2639 utpote
2180 2582 2446 2625 venustam
2467 2575 2748 2625 immutare

1677 2653 1861 2716 religio
1884 2654 1970 2716 sit.
2021 2652 2157 2701 Vide
2181 2665 2300 2716 quae
2320 2651 2375 2700 in
2395 2650 2747 2714 Tarquinium

1678 2729 1993 2793 Superbum,
2030 2737 2087 2779 et
2122 2728 2423 2780 Quinctium
2463 2724 2750 2779 Cincinna-

1678 2813 1788 2856 tum
1839 2805 2215 2856 annotavimus.
2280 2803 2504 2858 Quidam
2561 2811 2751 2855 tamen

1679 2881 1836 2931 codd.
1877 2881 2081 2946 Cyzicon
2115 2882 2306 2932 Gru-ca
2338 2879 2639 2931 desinentia
2669 2879 2750 2930 fe·

1677 2958 1805 3008 min.
1844 2971 1961 3020 gen.
1997 2956 2247 3007 scribunt.
2280 2955 2467 3020 Scitote.
2535 2956 2751 3020 Cyzico·

1680 3041 1902 3097 uterque
1926 3032 2077 3082 Leid.
2096 3041 2154 3081 et
2177 3031 2411 3082 Gramm.
2433 3045 2553 3081 cum
2579 3047 2749 3095 quon·

1680 3109 1801 3160 dam
1850 3108 2006 3158 editis
2031 3124 2046 3159 τ
2102 3108 2299 3158 Cics’cors
2356 3107 2515 3157 From
2577 3109 2749 3159 Cicron

1679 3184 1884 3236 Boend.
1937 3185 2179 3238 Qualiter
2208 3184 2370 3234 Ovid·
2397 3184 2559 3233 Trist.
2588 3184 2678 3233 El.
2702 3198 2749 3235 ι.

1684 3266 1763 3311 10.
1807 3266 1889 3311 29.
1922 3263 1938 3289 ⁸
1959 3261 2206 3325 Hincque
2235 3260 2605 3324 Propontiacis
2644 3260 2748 3310 hae·

1677 3345 1884 3388 rentem
1918 3337 2146 3401 Cyzicon
2179 3336 2302 3398 oris,
2337 3335 2591 3400 Cyzicon,
2624 3336 2751 3387 He·

1682 3415 1868 3463 mouias
1903 3414 2077 3463 nobile
2113 3412 2284 3475 gentis
2323 3413 2490 3475 opus-⁹
2550 3414 2751 3464 Melius

1683 3497 1857 3539 tamen
1884 3490 2109 3553 Cyzicum
2131 3491 2184 3537 iu
2211 3502 2376 3551 prosae
2400 3488 2750 3552 scriptoribus

1678 3564 2009 3630 praeferrem.
2064 3565 2250 3615 Cicero
2290 3564 2343 3613 in
2379 3563 2537 3613 Verr.
2570 3577 2629 3615 v.
2667 3568 2750 3614 48.

1682 3650 1740 3691 et
1763 3642 1827 3689 ad
1856 3643 1995 3691 Fam.
2015 3642 2181 3704 Epist.
2204 3652 2322 3689 xw.
2352 3644 2402 3690 4.
2438 3640 2586 3703 Epit.
2613 3641 2750 3691 Livii

1684 3717 1775 3766 lib.
1794 3729 1926 3767 xcv.
1951 3717 2128 3766 Florus
2152 3728 2238 3763 m.
2261 3716 2356 3778 5.§
2379 3718 2456 3763 15.
2476 3718 2579 3764 &c.
2615 3716 2751 3766 Con·

1685 3792 1767 3843 fer
1790 3808 1946 3857 supra
1968 3808 2086 3856 cap.
2106 3796 2190 3841 69.
2211 3793 2240 3855 §
2263 3796 2315 3842 4.
2384 3790 2647 3842 Obsidione
2668 3791 2749 3841 hic

1684 3885 1802 3920 cum
1827 3872 2018 3920 nostris
2043 3868 2195 3918 codd.
2222 3868 2543 3933 retinuimus,
2571 3869 2651 3918 uti
2669 3883 2749 3918 sn·

1684 3947 1860 4009 perius
1896 3960 2100 4009 quoque
2126 3946 2248 3994 locis
2274 3959 2304 3993 a
2328 3945 2548 3994 Schotto
2584 3947 2747 4009 prola·

1686 4023 1769 4083 tis,
1792 4021 1879 4070 ubi
1907 4021 2070 4072 videri
2096 4028 2288 4081 potest.
2319 4020 2495 4070 Arntz.

1750 4097 2061 4146 Mithridatis
2080 4094 2260 4159 copias]
2300 4096 2480 4145 Dicam
2510 4093 2746 4159 profecto

1685 4174 1822 4237 quod
1851 4174 2160 4224 Plutarchus
2181 4173 2230 4220 iu
2252 4173 2648 4233 comparatione
2662 4172 2742 4222 Ci·

1686 4251 1850 4301 monis
1869 4260 1921 4301 et
1943 4249 2145 4302 Luculli
2169 4258 2438 4302 recenset:
2466 4250 2483 4280 ⁴
2503 4250 2744 4302 Ceterum
