3025 4934
512 377 647 451 848

513 544 532 572 ⁶
552 539 849 599 Omnium:
867 539 1057 607 inquit,
1081 540 1098 570 ⁸
1116 540 1275 603 ipsius
1299 538 1581 603 mnnielpla

514 630 569 672 et
604 623 820 672 coloniae
855 621 907 670 in
951 619 1249 683 snperbiam
1286 617 1579 680 trahebant,

516 698 654 762 quod
676 698 985 747 versicolore
1006 696 1186 759 sagulo
1210 695 1439 748 braccas,
1465 703 1579 754 teg·

513 787 635 823 rnen
667 773 938 823 barbarum
977 773 1187 822 indutus
1219 778 1422 834 togatos
1451 769 1579 819 allo·

516 849 804 911 queretur?
875 851 963 899 De
996 848 1225 898 Maximo
1249 856 1425 897 autem
1458 846 1578 897 vide

515 921 783 977 Sidonium
807 926 1162 990 Apollinarem
1197 925 1286 975 lib.
1321 938 1386 975 11.
1422 924 1579 987 epist.

517 1003 897 1053 tertiadecima.
920 1002 1105 1052 Schott.
1148 1001 1317 1051 Valde
1340 1015 1464 1050 vero
1481 999 1580 1049 sibi

515 1085 605 1129 eos
628 1078 926 1129 demeretur
942 1079 1217 1141 Princeps,
1241 1090 1456 1142 quorum
1476 1076 1581 1125 nti·

516 1164 604 1206 tur
627 1157 861 1216 vestitum
896 1162 956 1205 ut
992 1155 1224 1219 pluribus
1259 1153 1578 1203 ostendimus

514 1231 581 1280 ad
596 1229 769 1282 Taciti
785 1233 874 1283 illa
889 1231 1076 1282 Annal.
1088 1234 1220 1281 1241.
1236 1238 1249 1258 ·
1264 1230 1481 1278 Militari
1494 1244 1580 1278 vo·

516 1309 705 1358 cabulo
729 1308 1017 1373 Caligulam
1057 1306 1424 1370 appellabant3
1459 1306 1579 1367 quia

512 1387 822 1449 plerumque
857 1384 921 1433 ad
958 1381 1281 1433 concilianda
1303 1382 1441 1445 vulgi
1475 1390 1579 1431 stn-

516 1461 622 1525 dia,
660 1475 721 1513 eo
747 1462 974 1524 tegmine
999 1460 1187 1525 pedum
1223 1459 1532 1509 induebatur
1547 1458 1580 1519 ;’

515 1546 575 1587 nt
613 1546 669 1587 et
704 1531 771 1590 ad
806 1539 896 1588 illa
929 1537 1163 1601 ejusdem
1201 1537 1387 1585 Annal.
1411 1550 1476 1585 ιι.
1499 1540 1583 1586 59.

517 1613 584 1661 de
611 1609 925 1663 Gerinanieo
946 1630 960 1662 ε
986 1614 1294 1677 ‘Multaque
1319 1614 1371 1661 in
1396 1614 1579 1677 vulgus

517 1698 667 1751 grata
687 1691 986 1751 usurpavit3
1010 1691 1121 1739 sine
1143 1690 1301 1738 milite
1318 1689 1582 1752 incedere,

514 1763 740 1827 pedibus
760 1765 995 1829 intectis,
1023 1773 1080 1815 et
1101 1767 1213 1830 pari
1237 1781 1352 1816 cum
1377 1765 1580 1817 Graecis

518 1841 753 1892 amictu-⁹
785 1844 932 1894 Grut.

555 1919 563 1928 '
586 1921 685 1976 Qua·
704 1920 830 1969 vixit
854 1936 1001 1970 annos
1025 1921 1230 1983 triginta
1251 1921 1379 1986 octo]
1413 1920 1581 1972 Annos

514 1998 696 2059 ‘viginti
728 2012 894 2046 nouem
932 1998 1064 2046 liber
1096 1999 1293 2047 calamo
1335 1999 1582 2061 scriptus.

515 2076 621 2124 Sed
662 2076 711 2123 hi
747 2075 945 2123 numeri
981 2083 1101 2124 sunt
1127 2077 1336 2137 utrique
1365 2074 1501 2131 falsi,
1536 2076 1580 2126 si

516 2165 611 2200 sua
633 2160 868 2213 tempora
892 2152 1018 2200 satis
1035 2163 1291 2201 noverunt
1316 2152 1579 2217 Hierony-

514 2240 630 2274 mus
655 2234 710 2275 et
733 2227 982 2289 Prosper,
1012 2229 1098 2291 qui
1125 2228 1435 2278 Gratianum
1469 2243 1580 2278 esse

516 2311 697 2352 natum
762 2318 896 2353 anno
954 2305 1146 2354 Christi
1213 2306 1580 2355 trecentesimo

518 2379 844 2442 sexagesimo
879 2382 1056 2437 tertio,
1092 2389 1146 2431 et
1182 2383 1404 2431 occisum
1444 2396 1579 2432 anno

517 2455 710 2505 Christi
736 2458 1101 2505 trecentesimo
1119 2446 1436 2522 octogesimo
1460 2474 1580 2521 sep·

518 2532 662 2595 timo,
680 2533 1016 2596 scripserunt.
1074 2534 1161 2583 Sic
1183 2536 1322 2584 enim
1346 2549 1446 2583 non
1467 2536 1580 2598 plus

518 2608 701 2671 viginti
746 2616 969 2669 quatuor
1011 2623 1171 2658 annos
1217 2611 1408 2661 vixerit
1444 2611 1578 2660 Gra·

517 2686 703 2733 tianus.
745 2684 904 2734 Vinct-

585 2760 719 2809 cn.
745 2772 944 2809 vaur.
980 2761 1009 2823 ς.
1035 2766 1059 2810 1
1096 2760 1255 2811 Annis
1274 2761 1454 2825 viginti
1472 2779 1579 2827 sep·

518 2837 635 2900 tem]
669 2836 1009 2887 scribendum
1051 2841 1209 2888 decem
1248 2856 1339 2903 pro
1379 2842 1580 2904 viginti,

516 2914 776 2977 quomodo
807 2914 965 2964 habet
997 2916 1233 2966 Cassiani
1257 2919 1422 2966 nostri
1459 2918 1579 2969 cod.

517 2990 652 3039 Vide
678 2990 944 3054 Prosperi,
980 3001 1034 3042 et
1067 2992 1261 3051 Orosii,
1297 3003 1352 3044 et
1372 2995 1578 3044 Cassio-

518 3066 633 3118 dori
659 3068 901 3116 rationes.
934 3067 1092 3117 Vinet.
1134 3069 1356 3120 Rursum
1377 3070 1580 3119 numeri

516 3145 754 3193 variant:
789 3142 990 3193 factum
1020 3145 1072 3193 id
1101 3154 1316 3210 propter
1340 3153 1580 3195 notarum

517 3221 844 3284 compendia.
879 3222 1089 3283 vulgati
1105 3238 1298 3279 omnes,
1313 3238 1439 3287 quos
1456 3223 1581 3284 vidi,

517 3297 694 3346 demto
707 3299 995 3346 Veronensi
1011 3300 1253 3349 XXVII.
1270 3298 1416 3349 Infra
1427 3315 1525 3363 pro
1537 3306 1580 3348 Δ

518 3373 713 3422 Groect's
733 3374 887 3422 iidem
903 3390 933 3422 α
948 3374 1134 3424 Grecis
1147 3393 1168 3434 ,-
1186 3391 1406 3442 moxque
1420 3378 1581 3437 cogni-

516 3451 642 3500 tione
651 3450 879 3513 principii
891 3467 907 3500 .·
933 3461 1168 3499 neutrum
1186 3454 1373 3516 placet.
1394 3452 1581 3504 Schote-

532 3549 539 3552 ·
585 3532 662 3593 §3
697 3529 776 3578 De
798 3530 882 3578 hoc
903 3528 1070 3591 etiam]
1104 3527 1273 3579 Amm.
1316 3532 1583 3596 Marcelli·

518 3619 617 3654 nus
643 3604 777 3653 libro
799 3606 1043 3655 vicesimo
1066 3620 1220 3655 nono.
1263 3608 1420 3657 Vinct-

520 3703 525 3710 ·
586 3684 614 3747 ς
637 3687 668 3731 4
692 3683 1037 3745 Praesumeret]
1059 3681 1298 3747 Amplius
1322 3685 1454 3733 Mss.
1479 3685 1583 3735 De-

518 3757 621 3808 beri
640 3764 958 3822 parmaneret,
979 3761 1184 3808 scelesta
1209 3762 1445 3825 cupidinis
1471 3777 1582 3825 sup·

514 3836 661 3899 plicia
679 3838 984 3899 persolverat.
1031 3836 1308 3899 Eleganter
1332 3851 1449 3888 vero
1464 3853 1582 3901 pro·-

520 3911 640 3962 bum
665 3912 791 3962 illud
817 3914 1112 3961 Veronense
1136 3916 1440 3977 exemplam
1479 3929 1583 3978 quo

517 3990 626 4038 solo
641 3987 754 4037 fere
774 3988 1006 4051 scipione
1020 3991 1281 4050 vulgatam
1303 3989 1583 4049 editionem

520 4079 686 4130 prope
719 4065 995 4129 collapsam
1029 4067 1261 4116 stabilire
1286 4075 1441 4131 atque
1462 4082 1584 4116 oon-

519 4145 738 4193 stituere
778 4158 860 4192 me
897 4146 1144 4207 potuisse,
1180 4152 1234 4193 ut
1272 4145 1469 4208 reliqna
1493 4145 1583 4195 de·

519 4217 768 4268 fecissent
798 4221 1029 4269 subsidia
1057 4221 1321 4276 librorum,
1356 4220 1584 4269 confide-

521 4294 675 4345 bamz
722 4297 796 4345 sie
838 4296 997 4359 igitur
1041 4296 1277 4361 praefert,
1325 4297 1446 4346 Cum
1489 4299 1585 4347 sibi

517 4370 769 4433 imperium
827 4373 988 4426 deberi
1049 4379 1379 4437 proesumeret,
1433 4376 1585 4425 scelus

1209 395 1426 447 No'rAE
1476 395 1887 446 vammum
1937 391 2020 447 m

1649 541 1815 601 eoeptae
1865 536 2148 602 cupiditatis
2193 536 2506 602 persolverat.
2564 535 2699 590 Infra

1651 629 1859 680 quoqne
1879 616 2119 679 appetitus
2150 630 2247 680 pro
2279 616 2465 679 petitus
2497 627 2702 665 venuste

1652 704 1749 755 pro
1791 691 2123 742 sollicitatus.
2165 691 2353 741 Schott.
2416 692 2595 742 Deberi
2634 694 2707 742 in·
2777 686 2784 692 ’

1651 777 1932 835 terponunt
1946 771 2109 821 nostri
2126 778 2179 821 et
2198 771 2415 821 Paullus
2431 772 2708 831 Diaconns;

1652 848 1708 897 in
1746 847 1963 914 reliquis
2007 848 2132 897 nihil
2174 854 2399 911 mutant,
2441 848 2542 898 nisi
2578 847 2708 913 qnod

1647 926 1941 988 persolverat
1962 924 2139 975 Guelf.
2173 924 2350 976 Amtz.

1718 1003 1745 1065 §
1768 1006 1801 1050 6
1838 1000 2133 1063 Maximam]
2166 999 2393 1050 Videtur
2410 999 2611 1052 Noster
2631 1000 2715 1049 ad·

1654 1078 1846 1126 versari
1888 1077 2096 1139 reliquis
2136 1076 2418 1134 historicis,
2453 1078 2544 1141 qui
2582 1077 2716 1126 intra

1654 1151 1908 1217 Aquileiae
1921 1169 2106 1210 muros,
2121 1168 2223 1203 non
2238 1154 2375 1217 apud
2391 1169 2509 1203 eam
2520 1156 2719 1211 urbem,

1656 1227 1941 1280 Maximum
1979 1230 2313 1281 interfectum
2341 1244 2458 1280 esse
2492 1231 2719 1281 tradide-

1656 1320 1714 1354 re
1731 1322 1750 1354 ε
1773 1305 1908 1355 adde
1926 1308 2073 1372 Sulp.
2086 1306 2336 1356 Severum
2360 1308 2411 1356 in
2431 1307 2560 1357 Vita
2582 1308 2719 1357 Mar·

1657 1381 1755 1430 tini
1774 1396 1823 1431 e.
1843 1386 1927 1434 2⁰.
1951 1390 2007 1433 et
2028 1384 2114 1447 qui
2139 1382 2437 1446 Inperatori
2461 1383 2602 1434 hanc
2620 1385 2721 1433 vie-

1657 1459 1845 1508 toriam
1869 1461 2183 1522 gratulatur,
2206 1459 2464 1508 Pacatum
2495 1474 2618 1523 cap.
2637 1464 2718 1512 37.

1656 1535 1744 1584 ubi
1779 1536 1833 1586 in
1859 1536 1963 1586 fine
1996 1536 2186 1597 scribo,
2230 1537 2549 1585 Gratulontes
2582 1536 2720 1586 aunis

1654 1626 1805 1674 senes,
1827 1626 1999 1674 pueros
2021 1612 2110 1660 tibi
2127 1613 2317 1673 longam
2335 1616 2627 1661 senectutem
2640 1627 2715 1661 oo-

1653 1692 1833 1744 veutes,
1865 1703 1968 1737 non
2000 1690 2297 1751 servitutem,
2325 1689 2465 1752 quod
2494 1703 2718 1738 comma·

1656 1766 1801 1814 eolat
1847 1765 1970 1814 edd.
2019 1764 2203 1814 confer
2257 1765 2551 1829 sequentia.
2617 1765 2717 1815 Sed

1653 1841 1890 1891 hocloco
1920 1842 2202 1891 dissensum
2228 1843 2401 1902 tolles,
2435 1843 2480 1890 si
2500 1844 2632 1905 opud
2651 1845 2720 1891 A·

1652 1919 1876 1983 quileiom
1886 1917 2118 1982 exponas
2134 1921 2150 1947 ‘
2165 1918 2444 1982 Apuleiae,’
2462 1920 2724 1984 quomodo

1654 1995 1954 2059 praepositio
1980 1996 2079 2044 ista
2102 1994 2303 2044 urbium
2340 1996 2426 2044 vel
2453 1996 2724 2058 reglonnm

1653 2071 1948 2120 nominibus
1990 2071 2111 2121 addi
2151 2073 2443 2134 consuevit,
2465 2082 2528 2122 ut
2566 2072 2727 2122 deno·

1654 2154 1750 2211 tet,
1772 2163 1873 2198 non
1897 2150 1959 2198 od
1979 2150 2070 2198 sed
2092 2150 2146 2198 in
2169 2149 2342 2214 aliquo
2366 2150 2484 2198 loeo
2507 2148 2728 2211 factum,

1654 2227 1729 2274 uti
1746 2226 1858 2289 jam
1883 2235 2040 2275 antea
2071 2226 2360 2275 monuimus
2396 2226 2728 2288 praeeedenti

1654 2302 1829 2366 capite
1852 2306 1933 2352 40.
1954 2304 1983 2366 §
2009 2307 2058 2354 8.
2091 2301 2355 2351 Ausonius
2378 2302 2579 2367 Paneg.
2603 2318 2729 2367 eap-

1654 2382 1736 2428 13.
1766 2380 1782 2407 ‘
1805 2379 2180 2443 Municipalem
2213 2381 2444 2429 scholam
2466 2380 2606 2443 apud
2630 2382 2728 2428 Vi·

1656 2456 1936 2505 sintionem
1991 2456 2403 2521 Lugdunumque
2451 2456 2729 2520 variando,

1658 2546 1760 2581 non
1784 2539 1941 2580 aetate
1956 2530 2291 2596 quidem,sed
2317 2533 2525 2581 vilitate
2544 2547 2728 2582 eonse-

1657 2608 1806 2657 nuit.’
1868 2608 2016 2671 Sulp.
2038 2609 2265 2657 Severus
2296 2610 2441 2659 Hist.
2476 2624 2514 2659 ι.
2537 2613 2638 2674 6.§
2670 2615 2726 2659 2.

1657 2691 1673 2716 ‘
1697 2685 1831 2735 Inde
1875 2686 2014 2749 apud
2054 2686 2239 2735 Carras
2279 2701 2383 2734 uua
2411 2702 2530 2735 etim
2567 2696 2727 2750 patre

1657 2760 1947 2811 diversatus
1976 2760 2217 2811 estz’n.
2253 2766 2333 2811 17.
2370 2763 2398 2826 §
2437 2768 2489 2812 2.
2521 2764 2539 2790 ⁴
2564 2763 2726 2825 Apud

1655 2839 1995 2903 Babyloniam
2031 2836 2302 2888 defunctus
2334 2839 2452 2889 est?
2485 2855 2538 2891 c.
2572 2844 2654 2892 31.
2692 2842 2726 2905 §

1655 2921 1706 2968 6.
1749 2918 1765 2944 ‘
1792 2916 1947 2979 Apud
1987 2917 2399 2981 Hierosolymam
2445 2920 2728 2982 episeopus

1656 2993 1757 3043 fuit
1774 2994 1810 3042 ε’
1844 2995 2029 3058 quibus
2052 2994 2288 3043 omnibus
2312 2995 2440 3044 locis
2463 2995 2727 3045 videndus

1658 3071 1920 3127 vorstius,
1942 3071 1975 3123 J
1982 3070 2129 3119 unius
2153 3069 2218 3119 ad
2239 3071 2456 3121 Tertull.
2475 3071 2542 3120 de
2560 3073 2728 3135 Spec-

1659 3153 1763 3197 tac.
1789 3162 1835 3196 c.
1856 3152 1906 3197 8.
1936 3156 1990 3197 et
2016 3148 2312 3197 Heumann.
2334 3146 2401 3197 ad
2420 3149 2646 3213 Eutrop.
2667 3163 2729 3198 v.

1656 3228 1706 3272 6.
1770 3224 1874 3273 Sed
1912 3224 2047 3287 quod
2082 3223 2153 3272 ibi
2192 3224 2458 3275 existimet
2490 3227 2569 3274 vir
2600 3226 2728 3276 doc-

1658 3307 1744 3349 tus
1776 3300 1854 3349 ita
1885 3314 2090 3364 quoque
2113 3300 2343 3350 loentum
2369 3315 2485 3351 esse
2509 3301 2726 3353 Cicero-

1658 3391 1776 3426 nem
1812 3377 1875 3427 ad
1914 3378 2060 3427 Fam.
2098 3378 2271 3440 Epist.
2315 3390 2441 3429 xvr.
2477 3382 2527 3427 3.
2561 3379 2726 3429 eredo

1659 3468 1775 3503 eum
1807 3453 1952 3513 falli3
1993 3469 2109 3502 nam
2147 3454 2219 3503 ibi
2243 3460 2259 3483 ⁴
2284 3455 2420 3518 apud
2446 3455 2684 3519 Alyziam
2706 3454 2728 3478 ⁹

1660 3536 1760 3590 est,
1798 3531 1933 3594 quod
1970 3529 2224 3593 superiori
2252 3530 2481 3593 epistola
2512 3532 2730 3580 dixerat

1567 3653 1574 3657 .
1659 3613 1675 3636 ‘
1699 3608 1765 3656 ad
1795 3606 2069 3670 Alyziam,’
2089 3622 2191 3656 non
2224 3608 2275 3656 in
2311 3609 2425 3670 ipsa
2450 3608 2576 3657 urbe
2595 3608 2728 3672 Aly-

1658 3682 1770 3744 zia;
1811 3698 1980 3745 neque
2015 3685 2153 3733 enim
2179 3684 2254 3733 sic
2288 3685 2574 3749 loquuntur
2607 3699 2726 3735 eas-

1661 3760 1823 3809 tiores
1847 3760 2038 3809 Latini.
2062 3763 2236 3809 Arutz.

1652 3867 1662 3875 ·
1712 3839 1784 3901 §8
1812 3838 2055 3893 Quantam
2071 3840 2255 3900 scripta
2270 3842 2479 3888 vetemur
2499 3844 2548 3888 et
2565 3839 2727 3915 pis-iga«-

1622 3969 1627 3974 ,
1660 3928 1729 3962 roe
1746 3913 1938 3975 docent]
1970 3914 2101 3965 Quae
2125 3914 2290 3975 picta,
2312 3921 2367 3963 et
2384 3930 2501 3979 qnae
2525 3916 2726 3978 scripta

1659 3991 1941 4040 exstabant
1979 3991 2043 4040 ab
2080 3992 2348 4041 veteribus
2384 3992 2450 4040 de
2472 3993 2726 4055 Tra-jano,

1661 4076 1718 4117 et
1739 4078 1842 4116 non
1864 4067 1931 4115 de
1962 4067 2277 4116 Theodosio.
2343 4067 2554 4132 Scripta
2580 4084 2726 4124 nam·

1662 4158 1766 4209 que
1802 4145 2127 4207 antiquorum
2171 4143 2432 4192 homiuum
2471 4153 2528 4193 et
2555 4147 2725 4208 pietu-

1661 4235 1742 4269 ras
1783 4235 1883 4269 non
1947 4220 2237 4269 adduceret
2289 4220 2358 4269 de
2412 4222 2721 4283 Theodosio,

1660 4299 1746 4364 qui
1777 4286 2120 4348 Theodosium
2155 4312 2364 4347 coaevus
2399 4298 2635 4359 vidisset,
2665 4315 2723 4348 e·

1651 4375 1844 4440 jusque
1900 4387 2071 4427 mores
2124 4375 2502 4440 perspexisset.
2604 4376 2720 4428 Nisi
