3025 4934
594 419 877 468 Auum..
914 418 1108 466 vlc‘r.
1158 419 1255 466 DE
1302 418 1746 468 oAESARIBUS
1792 420 1956 469 GAP.
2005 421 2152 471 XX.

278 555 538 607 litissimus
571 554 862 620 Bynkersh.
896 556 932 604 l.
966 556 1003 604 l.
1051 555 1336 619 proponeba-

279 640 371 684 tur.
406 633 594 683 Arntz.

338 710 497 773 Syrie
518 708 719 773 legatis]
746 708 967 759 Constat
988 722 1053 758 ex
1079 707 1335 758 Herodia-

275 800 338 835 no
360 786 612 835 historico
629 784 826 835 Graeco
848 789 901 835 et
918 786 1334 849 Spartieno,nou

274 861 431 926 Syriae
479 863 861 925 proconsulem,
917 861 1009 911 sed
1050 862 1332 911 Pannoniis

275 936 538 1000 praefuisse
555 938 826 987 Severum.
895 936 1029 986 Nam
1048 938 1185 1001 apud
1207 937 1333 987 Car-

272 1022 483 1064 nuntum
513 1015 801 1064 Pannoniae
830 1014 1043 1077 opidum
1068 1014 1334 1075 Augustus

272 1103 300 1137 a
320 1091 609 1152 legionibus
627 1091 796 1141 dictus
815 1099 912 1140 est.
945 1091 1123 1154 Spart.
1147 1091 1333 1141 Schott.

273 1167 342 1215 Ut
364 1168 592 1217 Severus
614 1167 777 1231 Syria
809 1170 996 1229 legatus
1018 1168 1101 1216 bic
1123 1168 1332 1228 dicitur,

270 1243 341 1291 ita
372 1242 422 1293 in
456 1244 673 1294 Juliano
707 1244 990 1306 Spartiani,
1027 1246 1224 1294 Erasini
1249 1243 1332 1294 ed.

271 1318 418 1369 babet
463 1320 760 1370 Pescennius
815 1321 975 1382 Niger
1018 1321 1072 1370 in
1116 1320 1331 1386 Illyrico,

273 1396 530 1459 Septimius
571 1396 779 1446 &verus
818 1398 871 1445 in
899 1397 1083 1460 Syria.
1158 1396 1331 1462 Atque

271 1471 395 1520 adeo
416 1486 535 1521 cum
555 1472 641 1521 bic
659 1473 799 1535 apud
817 1474 1087 1522 Victorem
1110 1488 1226 1522 mox
1250 1487 1331 1524 se·

268 1556 449 1610 quatur
463 1549 516 1597 in
534 1549 766 1598 extremi·
779 1550 930 1598 terris
940 1549 1105 1598 &llum
1117 1549 1332 1611 gerebat,

271 1624 484 1674 Severus
505 1632 599 1676 aut
623 1625 786 1689 Syrioe
807 1632 896 1675 aut
918 1626 1228 1688 Britanniae,
1248 1633 1329 1675 re'·

271 1701 569 1751 motioribus
610 1702 814 1752 scilicet
855 1702 1154 1766 provinciis,
1196 1716 1329 1764 prae·

269 1774 420 1825 fnisse
464 1778 693 1830 videtur.
771 1777 897 1840 Sed,
940 1779 985 1826 si
1025 1778 1328 1841 diligentins

269 1852 611 1915 excutiamus,
637 1854 956 1902 inveniemus
985 1854 1036 1901 in
1060 1854 1329 1915 Spartiani

269 1927 432 1976 verbis
465 1929 621 1977 modo
655 1929 830 1978 citatis
853 1929 1091 1978 vitiosam
1118 1944 1147 1977 a
1170 1929 1329 1979 libra-

267 2003 349 2051 riis
386 2002 586 2054 factam
625 2018 737 2054 esse
777 2006 1251 2068 transpositionem,
1274 2011 1331 2055 et

268 2093 374 2128 cum
430 2081 663 2145 Egnatio
711 2080 1008 2144 legendum,
1043 2082 1329 2132 Pescennius

270 2155 424 2217 Niger
457 2158 513 2206 in
546 2157 714 2221 Syria,
746 2157 1005 2220 Septimius
1037 2156 1243 2206 Severus
1273 2160 1327 2208 in

268 2230 473 2296 Illyrico.
544 2235 637 2284 Sic
676 2234 812 2281 euim
843 2247 945 2281 non
969 2233 1123 2282 modo
1141 2234 1326 2297 Xiphi-

268 2306 393 2358 linus
426 2319 480 2361 et
506 2309 842 2360 Herodianus
883 2308 1103 2371 Nigrum
1136 2310 1323 2375 Syris»,

263 2384 503 2436 Severum
550 2386 840 2436 Pannoniis
893 2395 1049 2450 atque
1092 2386 1329 2457 Illyrico,

267 2459 504 2512 Albinum
550 2459 842 2512 Britannia
890 2460 1162 2525 praefuisse
1218 2468 1326 2512 tra-

266 2537 420 2600 dunt3
455 2541 547 2589 sed
589 2541 705 2603 ipse
743 2540 901 2588 etiam
936 2539 1239 2601 Spartianus
1271 2540 1325 2588 in

265 2614 435 2667 Severi
480 2620 588 2667 vita
623 2618 873 2666 Severum
918 2629 950 2663 a
996 2614 1325 2665 Germanicis

263 2692 547 2755 legionibus
570 2693 708 2756 apud
734 2693 1057 2742 Carnuntum
1092 2692 1323 2756 Impera·

267 2769 784 2832 toremappellatnm
819 2777 1020 2816 narrat.
1084 2768 1203 2819 Nec
1242 2783 1324 2819 re-

266 2854 456 2908 pugnat
477 2843 616 2910 quod
640 2844 955 2909 sequitui-,iu
976 2846 1205 2895 extremis
1221 2851 1322 2896 ter·

264 2920 345 2970 ris.
390 2922 726 2973 Herodianus
749 2922 886 2971 enim
907 2921 1103 2972 diserte
1124 2924 1321 2980 scribit.

265 2998 508 3048 Severum
551 2997 790 3048 omnibus
850 2998 1156 3060 legionibus,
1203 3014 1321 3062 quoe

265 3086 353 3135 per
374 3075 714 3126 Germaniam
744 3079 799 3123 et
833 3073 1130 3124 Pannonias
1153 3073 1323 3125 Rheni

267 3160 414 3213 atque
449 3152 581 3203 Istri
619 3151 745 3214 ripis
772 3152 838 3198 ad
862 3149 1113 3200 arcendas
1136 3150 1321 3202 barba-

266 3239 430 3277 rorum
476 3227 801 3278 incursiones
855 3233 1005 3276 erant
1043 3227 1321 3291 impositae,

268 3302 440 3352 ducem
460 3302 768 3367 praefiiiss03
788 3308 844 3351 et
862 3303 1062 3352 Noster
1080 3301 1163 3351 hic
1178 3303 1323 3366 paul·

266 3376 313 3425 lo
358 3387 487 3441 post,
529 3379 715 3428 Rheno
757 3377 1101 3441 Danubioque
1136 3378 1321 3428 Roma·

266 3468 379 3506 uum
402 3458 674 3522 imperium
699 3455 766 3505 ad
789 3455 1211 3520 septemtrionem
1227 3457 1320 3509 de-

266 3530 457 3585 finitum
479 3535 641 3586 fuisse
659 3534 831 3585 docet.
862 3533 996 3598 Syzb.

275 3654 282 3662 .
327 3612 521 3675 Prome]
572 3613 734 3662 Forte
776 3627 962 3675 ρωπος
1010 3612 1095 3661 vel
1136 3612 1319 3674 Romae,

268 3688 393 3747 qnod
429 3689 641 3752 propius
677 3703 709 3738 a
746 3702 870 3737 vero
892 3688 1077 3738 abest:
1112 3702 1229 3737 nam
1251 3690 1316 3738 ad

269 3759 468 3814 balneas
490 3766 760 3816 Palatinas
783 3765 960 3814 Romoe
976 3774 1057 3815 est
1074 3764 1319 3815 interfec-

271 3846 366 3890 tus.
395 3842 582 3893 Schott.

334 3916 465 3966 Cu».
488 3931 589 3968 xx.
673 3919 755 3981 §l
794 3915 1107 3979 Commorim-J
1183 3916 1318 3966 Msc.

271 3996 554 4049 commodior,
602 3995 738 4042 male
774 4008 789 4041 ε
856 3993 1095 4042 videatur
1148 3994 1315 4042 oratio

271 4066 553 4119 Pertinacis
570 4069 662 4118 lib.
678 4082 739 4118 ιι.
763 4069 899 4131 apud
922 4068 1205 4118 Herodian.
1244 4070 1315 4119 Et

273 4149 512 4206 quomodo
533 4146 831 4195 exautorati
855 4145 1046 4194 milites
1074 4148 1313 4207 proetori·

274 4221 349 4268 ani
373 4224 502 4271 ultra
524 4221 861 4272 centesimum
898 4221 965 4268 ab
1000 4219 1145 4269 Urbe
1184 4222 1311 4285 lapi·

275 4296 380 4347 dem
398 4301 602 4350 exulare
625 4297 794 4349 coacti
814 4298 965 4348 sunt?
999 4297 1185 4348 δώσει.

2342 406 2478 472 ’725

1479 553 1710 604 Heluium
1729 555 1859 605 inter
1878 555 2011 605 divos
2030 554 2209 617 refert]
2243 554 2481 605 Pertina-

1411 630 1486 680 cis
1509 646 1792 693 cognomen
1821 631 1978 680 etiam
2015 630 2166 680 initio
2199 631 2373 680 statim
2396 647 2477 682 as·

1410 706 1654 757 sumsisse
1678 708 1876 757 Herod.
1913 714 2095 757 auctor
2118 713 2220 771 est,
2247 715 2306 757 ut
2327 710 2471 759 necis

1409 782 1708 832 Pertinacis
1729 785 1965 833 ultorem.
2014 781 2217 834 Adhoec
2241 798 2341 834 nou
2367 798 2478 835 mo-

1410 858 1478 908 do
1493 859 1736 923 Illyricis,
1756 860 1848 910 sed
1874 861 2105 910 Romano
2126 861 2285 910 etiam
2310 875 2476 926 popu-

1408 934 1462 984 lo
1480 935 1845 997 gratissimum.
1869 936 1958 984 lib.
1983 949 2047 986 11.
2114 937 2244 987 Mox
2281 951 2477 988 execra-

1407 1011 1532 1061 tioni
1595 1011 1869 1061 auctoribus
1910 1012 2013 1076 legi
2075 1013 2232 1064 etiam
2280 1021 2476 1076 potest.

1409 1087 1481 1136 Et
1539 1085 1639 1136 inf.
1688 1089 1811 1144 Quoe
1839 1088 1956 1148 fato
1999 1091 2221 1152 quodam,
2253 1089 2476 1140 bonorum

1402 1168 1555 1227 partu
1597 1162 1831 1225 fecunda,
1879 1180 1993 1227 quos
2042 1165 2280 1225 eduxerit,
2317 1171 2477 1216 tumen

1410 1252 1660 1303 quemque.
1728 1240 1987 1304 scriptam
2008 1248 2180 1292 tamen
2200 1241 2475 1291 lectionem

1406 1329 1509 1364 nou
1527 1315 1730 1365 damno.
1795 1317 2016 1366 Rursum
2038 1332 2176 1380 quem
2194 1332 2476 1381 quamquam

1405 1397 1578 1441 exacta
1596 1397 1742 1443 etate
1774 1393 1948 1441 malim
1972 1393 2015 1443 si
2039 1407 2132 1454 per
2164 1393 2323 1442 libros
2348 1394 2472 1442 lice·

1408 1476 1508 1532 ret,
1529 1470 1612 1518 vel
1644 1484 1739 1532 pro
1756 1475 2030 1519 astruentes
2049 1469 2189 1519 forte
2208 1475 2477 1520 statuentes

1405 1546 1617 1609 scripsit
1655 1547 1854 1596 Victor.
1936 1547 2073 1596 Vide
2115 1546 2471 1609 spartianum.

1405 1622 1556 1673 Idem
1570 1623 1638 1673 de
1656 1623 1896 1685 Augusto
1909 1624 2135 1688 elogium
2150 1624 2202 1673 in
2221 1625 2471 1687 impresso

1405 1700 1686 1751 breviario.
1718 1701 1909 1751 Schott.

1471 1777 1753 1841 Actor-ibes]
1817 1778 1919 1827 Vel
1963 1778 2121 1827 etiam
2178 1777 2472 1829 auctoribus.

1405 1854 1662 1918 Respexit
1684 1855 1750 1905 ad
1788 1856 1970 1905 istlioec
2000 1855 2173 1904 Taciti
2205 1856 2274 1904 de
2298 1855 2474 1906 Cordo

1404 1930 1708 1982 crematio:
1745 1933 1760 1961 ‘
1784 1931 1968 1981 Libros
2001 1946 2097 1996 per
2138 1931 2317 1980 oediles
2354 1946 2483 1982 cre·.

1406 2007 1622 2057 mundos
1644 2021 1894 2056 censuere
1912 2007 2132 2068 Patres;
2154 2007 2244 2055 sed
2268 2019 2471 2072 manse·

1406 2091 1529 2133 runt
1544 2084 1792 2134 occultati
1811 2090 1865 2133 et
1888 2083 2048 2133 editi:
2074 2098 2178 2147 quo
2199 2084 2365 2145 magis
2387 2098 2468 2131 se·

1404 2162 1639 2210 cordiam
1697 2176 1877 2211 eorum
1919 2159 2139 2210 irridere
2184 2160 2332 2220 libet,
2377 2160 2466 2224 qui

1407 2237 1654 2302 praeseuti
1691 2238 1931 2299 potentia
1965 2235 2191 2284 credunt
2229 2236 2498 2298 extingui·

1403 2325 1555 2374 posse
1578 2312 1735 2361 etiam
1778 2312 2044 2376 sequentis
2083 2311 2179 2360 oevi
2223 2312 2465 2360 memori-

1402 2405 1518 2440 amz
1569 2406 1686 2440 nam
1743 2401 1946 2452 contra,
2003 2389 2197 2452 punitis
2248 2388 2506 2444 ingeniis,

1389 2469 1596 2517 crescit
1633 2468 1946 2518 auctoritan
1983 2481 2154 2530 neque
2190 2466 2331 2515 aliud
2374 2480 2469 2514 ex-

1403 2545 1541 2593 terni
1587 2558 1755 2608 reges,
1777 2554 1870 2594 aut
1914 2545 2002 2607 qui
2041 2542 2224 2593 eadem
2265 2543 2467 2591 saevitia

1402 2622 1484 2671 usi
1501 2630 1645 2682 sunt,
1667 2623 1765 2671 uisi
1784 2622 2014 2672 dedecus
2036 2621 2155 2677 sibi,
2180 2629 2336 2685 atque
2363 2621 2466 2669 illis

1400 2699 1619 2761 gloriam
1640 2698 1997 2763 pepererunt.’
2065 2697 2253 2747 Annei.
2281 2712 2363 2747 lv.
2383 2702 2469 2748 35.

1400 2773 1522 2823 fine.
1557 2776 1704 2824 Grut.
1770 2776 1897 2825 Post
1916 2775 2123 2825 Schott.
2147 2782 2204 2823 et
2234 2774 2377 2838 Sylb.
2413 2780 2469 2824 et

1399 2850 1541 2900 edidi
1558 2852 1830 2901 auctoribus
1840 2867 1861 2909 ‚-
1896 2866 2016 2901 nam
2032 2852 2050 2879 ⁴
2065 2860 2309 2900 auctores
2332 2864 2468 2899 mor-

1403 2926 1495 2976 tis’
1523 2937 1659 2984 sunt,
1691 2941 1910 2991 quorum
1945 2927 2096 2990 jussu
2114 2934 2171 2975 et
2214 2926 2468 2975 instinctu

1399 3003 1586 3067 aliquis
1609 3002 1938 3054 interficitur.
1994 3001 2155 3052 Ovid.
2176 3001 2315 3049 Met.
2338 3013 2466 3051 vui.

1399 3083 1517 3129 44⁹.
1554 3080 1571 3108 ‘
1589 3079 1666 3129 At
1687 3078 1838 3128 simul
1861 3084 1947 3127 est
1971 3084 2154 3125 auctor
2189 3076 2335 3125 necis
2356 3076 2468 3125 edi·

1399 3160 1502 3211 tus,
1525 3154 1724 3206 excidit
1762 3154 1926 3205 omnis
1966 3149 2201 3202 Luctus!
2264 3152 2467 3203 Seneca

1402 3230 1568 3280 Herc.
1594 3230 1769 3280 OEtaeo
1794 3244 1868 3279 rs.
1890 3232 2036 3279 1177.
2069 3229 2085 3257 ‘
2108 3228 2158 3278 Ο
2191 3234 2346 3288 turpe
2386 3226 2467 3275 fa-

1399 3308 1543 3358 tum!
1578 3306 1790 3358 foemina
1805 3305 2088 3356 Herculeae
2108 3304 2251 3352 necis
2264 3302 2468 3353 Auctor

1401 3381 1640 3433 feretur!
1707 3384 1920 3432 Sueton.
1943 3381 2076 3431 Ner.
2101 3395 2148 3431 c.
2170 3384 2251 3429 33.
2271 3382 2287 3406 ‘
2307 3380 2464 3443 Cujus

1397 3461 1563 3515 necis,
1604 3459 1702 3508 etsi
1741 3461 1841 3507 iton
1882 3466 2085 3518 auctor,
2124 3464 2177 3506 at
2221 3458 2464 3506 conscius

1396 3537 1497 3587 fuit
1519 3537 1554 3587 :’
1588 3544 1644 3587 et
1680 3537 1734 3585 in
1767 3536 1887 3585 Tito
1921 3549 1969 3583 c.
1996 3538 2052 3599 9.
2080 3535 2096 3561 ‘
2138 3534 2254 3583 Nec
2277 3541 2464 3584 auctor

1395 3614 1613 3678 posthac
1647 3613 1944 3677 cujusquam
1986 3612 2149 3674 necis,
2191 3625 2289 3660 nec
2329 3624 2455 3660 con-

1394 3687 1570 3740 scius.’
1640 3689 1836 3737 Noster
1879 3687 1977 3735 hoc
2014 3687 2185 3749 cap.§
2223 3690 2273 3736 9.
2343 3686 2459 3735 Nec
2530 3699 2535 3702 ·

1393 3780 1531 3815 novo
1544 3764 1786 3827 exemplo
1802 3761 1926 3811 illud
1951 3760 2192 3821 facimus,
2208 3776 2325 3811 cum
2343 3763 2458 3825 jam

1395 3843 1505 3893 aliis
1527 3842 1863 3892 observatum
1904 3840 1975 3888 sit
2013 3840 2088 3889 ita
2122 3853 2279 3888 voces
2301 3846 2317 3869 ⁸
2337 3854 2461 3889 auc-

1394 3920 1507 3970 tor'
1555 3926 1610 3968 et
1659 3922 1678 3948 ‘
1699 3916 1878 3967 actor'
1909 3917 2048 3965 inter
2102 3915 2158 3964 se
2192 3914 2460 3967 confundi.

1393 3995 1584 4045 Heins-
1645 3994 1712 4043 ad
1755 3992 2027 4043 claudian.
2082 3992 2252 4042 Stilic.
2296 4006 2360 4041 11.
2405 3997 2457 4043 3.

1393 4072 1628 4126 Gronov.
1673 4070 1739 4119 ad
1781 4070 1892 4119 Liv.
1936 4082 2000 4119 ιι.
2037 4073 2120 4117 66.
2156 4068 2352 4118 Duker.
2392 4071 2459 4120 ad

1395 4149 1604 4197 Florum
1646 4160 1736 4196 ιιι.
1781 4152 1830 4195 5.
1876 4147 2021 4208 §zm
2079 4143 2348 4194 Drakenb.
2392 4146 2459 4194 ad

1392 4224 1579 4274 Silium
1604 4236 1751 4294 Jvu.
1773 4226 1891 4271 490.
1911 4232 1968 4270 et
1987 4222 2196 4270 Cortins
2233 4223 2298 4270 ad
2332 4222 2461 4272 Sall.

1392 4300 1552 4351 Catil.
1574 4313 1623 4350 c.
1655 4303 1705 4348 3.
1738 4300 1839 4361 §2
1872 4296 2045 4370 Arate.
