3025 4934
663 413 953 464 Auum...
1000 410 1198 463 vmv.
1233 412 1644 476 EPITOMEN,
1700 415 1868 466 GAP.
1918 415 2159 465 xxln.

304 554 491 633 gissa.
555 555 630 606 Et
660 555 736 606 ita
755 555 944 605 Victor
965 554 1079 619 ipsa
1110 569 1248 605 nunc
1270 555 1377 619 pri-

304 647 448 682 81881
474 647 506 682 8
528 632 677 683 nobis
711 634 910 683 erutus.
975 632 1180 682 Graecis
1215 633 1376 682 etiam

303 706 400 758 801
437 707 578 768 ἥλως
614 708 808 759 dictus.
873 710 1034 759 Forte
1070 708 1173 758 huc
1214 709 1376 773 perti-

303 791 458 848 nent,
480 800 597 849 qua».
621 784 688 834 de
708 787 857 836 Luno
887 786 1001 836 Deo
1028 785 1192 837 refert
1214 787 1376 850 Spar-

302 861 484 912 tianus
504 862 791 912 Caracalla.
844 862 1015 912 Locus
1037 876 1160 913 vero
1184 869 1275 912 aut
1296 861 1374 911 111·

299 941 533 1006 signiter
555 941 890 1006 depravatus,
911 955 1065 1006 quem
1094 941 1207 991 8188
1230 941 1375 990 libris

300 1024 515 1068 mutare
545 1032 650 1068 non
679 1018 877 1078 888118;
911 1018 1058 1067 88118
1077 1016 1376 1080 Lampridio

300 1101 366 1144 ot
406 1094 712 1145 Herodiano
753 1084 917 1153 louge‘
950 1092 1159 1143 diversa
1194 1100 1377 1143 narrat

303 1171 747 1221 racematoriste.
783 1170 972 1221 Schott.
1022 1168 1257 1234 Ideoque
1281 1183 1376 1233 pro

298 1245 422 1294 solis
455 1245 654 1310 aliquot
686 1245 815 1295 edit.
849 1247 901 1295 in
924 1247 1157 1308 margine
1177 1245 1378 1296 addunt

300 1314 466 1379 «10818.
504 1320 783 1388 886,81186
829 1323 1148 1385 persuadent
1181 1321 1376 1371 nummi

301 1397 465 1460 liujus
498 1397 841 1461 Inperatoris.
876 1399 928 1446 in
964 1397 1151 1463 quibus
1187 1399 1374 1461 passim

301 1485 498 1524 uuor.
539 1487 671 1526 880.
717 1487 859 1524 som.
890 1487 1030 1524 som.
1063 1488 1377 1526 nuscun-

302 1561 612 1600 88888808.
645 1564 769 1601 nm.
791 1564 961 1601 sous.
984 1564 1298 1602 88888881..
1318 1563 1376 1603 et

303 1624 526 1686 similes,
560 1640 690 1690 qnos
735 1626 786 1675 in
833 1627 1246 1678 Numismatibns
1286 1627 1373 1676 In-

303 1710 610 1769 peratorurn
637 1705 981 1753 Romanorum
1006 1705 1235 1768 reperies
1267 1701 1374 1754 fre·

301 1780 695 1845 quentissimos.
768 1778 968 1831 Confer
1011 1795 1128 1844 quae
1182 1794 1374 1844 nuper-

300 1857 441 1906 rime
484 1856 549 1905 ad
597 1857 818 1921 Eutrop.
855 1869 984 1906 vm.
1022 1859 1108 1908 22.
1149 1857 1375 1907 collecta

301 1940 448 1983 8881.
482 1932 655 1983 Amtz.

332 2010 339 2018 ‘
377 2008 616 2058 Vestalem
632 2006 894 2071 virginem]
928 2006 1192 2073 Aquiliam
1214 2008 1375 2059 Seve-

301 2099 418 2133 rum
441 2092 597 2134 vocat
617 2083 940 2147 xiphilinus.
1007 2083 1136 2135 Mox
1170 2098 1376 2150 quoqne

300 2160 386 2210 M.
419 2158 671 2209 Aureliam
716 2172 813 2224 pro
851 2159 1137 2209 Marcellam
1179 2161 1376 2211 rectius

299 2237 424 2303 quis
443 2235 713 2301 legendum
734 2242 904 2299 putet.
950 2234 1220 2285 Aurelium
1238 2237 1375 2286 88118

299 2312 665 2365 Alexandrum
701 2312 946 2374 0188188,
973 2313 1297 2378 Spartianus,
1319 2321 1378 2364 et

300 2390 482 2442 Rufus
520 2391 819 2441 nominante
855 2402 1011 2454 snpra
1046 2391 1258 2440 Natura
1293 2393 1376 2441 ds·

286 2469 434 2528 fectu
474 2468 681 2516 8086818
717 2470 925 2531 poteras
952 2465 1139 2515 8181188
1190 2472 1279 2518 est
1319 2468 1376 2517 18

300 2538 438 2615 8188.
469 2544 656 2596 &sota
710 2546 938 2594 Nondum
960 2543 1252 2607 recepimus
1274 2543 1375 2594 cti·

244 2666 256 2676 ,
302 2635 389 2671 am
427 2634 493 2671 ex
531 2621 717 2684 priscis
754 2619 878 2669 866.
916 2626 973 2669 81
1010 2619 1203 2669 nostris
1243 2620 1374 2670 Mss.

299 2698 441 2748 vixit
492 2698 631 2748 88118
685 2704 890 2747 tautum
942 2709 1095 2745 uanos
1145 2695 1369 2760 sedecia,

299 2774 446 2840 quod
470 2774 523 2824 in
545 2773 730 2824 ultimo
763 2773 941 2837 capite
975 2771 1137 2823 tradit
1157 2773 1372 2824 Noster.

300 2852 482 2904 Arata.

328 2940 341 2950 ¹
370 2928 1019 2994 Abscissisquegeaitulibus]
1030 2927 1138 2977 Pro
1150 2940 1213 2977 es
1226 2941 1373 2992 voce,

296 3019 418 3070 quas
442 3019 621 3055 081888
643 3012 869 3067 occupat
902 3003 1025 3054 edd.
1063 3017 1216 3052 81888
1249 3017 1372 3052 exa·

297 3083 405 3133 rati
421 3082 834 3134 codd.exitibe·ut
850 3082 1066 3139 abscisis,
1081 3080 1217 3145 quod
1233 3079 1372 3131 11886

297 3154 463 3209 6111118
504 3174 704 3210 verum.
750 3161 770 3188 ⁴
796 3156 1123 3219 Abscidere,’
1165 3157 1374 3208 diversa

299 3234 404 3287 v‘ox
427 3228 493 3286 ab
514 3243 530 3267 ‘
550 3234 893 3298 abscindere‚'
915 3234 1192 3284 adhibetur
1228 3248 1261 3283 a
1281 3248 1371 3284 ve-

297 3314 522 3373 teribus,
558 3315 602 3363 si
636 3314 702 3363 de
740 3321 895 3377 parte
931 3313 1104 3375 aliqua
1141 3312 1373 3376 corporis

294 3392 512 3442 11881881
544 3391 856 3441 detruncata
878 3388 1073 3438 mentio
1092 3385 1206 3438 fiat.
1270 3388 1374 3438 Ln-

295 3481 463 3518 canus
487 3480 613 3518 vin.
636 3470 755 3516 674.
787 3467 804 3494 ⁴
833 3464 907 3515 At
929 3472 1205 3529 postquam
1227 3471 1372 3514 trun-

294 3536 365 3594 c'o
387 3545 567 3593 cervix
602 3543 804 3592 abscisa
833 3540 1086 3592 recessit!
1131 3542 1371 3605 Saepissi·

296 3633 386 3670 188
409 3625 580 3668 autem
604 3619 686 3668 hae
710 3631 868 3668 voces
887 3617 1028 3666 inter
1060 3631 1117 3666 se
1151 3615 1370 3667 confun-

297 3696 514 3751 duntur,
531 3694 610 3743 nti
634 3693 828 3743 dudum
851 3700 1163 3743 monuerunt
1180 3695 1369 3744 Mune-

294 3773 458 3822 kerns
473 3770 539 3822 ad
557 3771 772 3834 Fuigen.
785 3769 1007 3834 Mythoi.
1018 3782 1108 3818 111.
1123 3775 1172 3818 5.
1189 3770 1371 3820 Const.

298 3848 430 3907 Fan.
459 3846 524 3896 sd
558 3835 885 3905 0811811181.
900 3859 1006 3895 xu.
1030 3846 1147 3895 862.
1183 3844 1368 3898 Davis.

294 3924 364 3974 ad
395 3924 599 3974 Caesar.
634 3923 773 3974 Β811.
814 3922 957 3972 Gall.
992 3936 1098 3972 vn.
1132 3925 1220 3973 ΥΒ.
1254 3925 1283 3987 §
1318 3928 1368 3973 2.

293 4001 531 4051 Gronov.
548 3999 611 4050 ad
632 3999 824 4048 Senec.
838 3996 908 4047 de
926 3998 1197 4049 Constant.
1217 3997 1393 4061 sapi-¹

293 4085 408 4131 ent.
429 4092 479 4129 c.
503 4081 553 4145 ¹,-
597 4076 734 4127 Inde
770 4075 1049 4140 'egendum
1087 4077 1190 4126 erit
1223 4076 1367 4140 apud

293 4158 412 4209 Liv.
433 4169 512 4204 ιν.
528 4157 610 4205 19.
639 4159 656 4184 ‘
676 4153 956 4217 caputque
976 4151 1233 4208 abscisum
1259 4153 1368 4203 vic-

292 4242 379 4286 tor
400 4233 602 4298 spiculo
627 4228 850 4295 gerens?
872 4236 928 4280 et
950 4241 1068 4291 cap.
1086 4228 1170 4278 48.
1201 4229 1218 4256 ‘
1242 4224 1367 4280 Nou

291 4309 562 4365 bruchium
590 4306 848 4358 abscisum
880 4305 1145 4355 consulem
1169 4318 1234 4356 ex
1259 4310 1373 4356 tam

2389 395 2530 469 823

1426 555 1677 619 -ancipiti
1721 556 1899 621 proelio
1942 554 2276 615 summovit.’,
2321 557 2525 610 Eodem

1452 632 1606 683 modo
1629 639 1878 698 corrupte
1911 633 2089 685 editur
2114 635 2148 684 1.
2173 647 2341 686 xxxx.
2365 650 2416 685 c.
2438 640 2525 689 34.

1450 709 1683 782 (Gladio
1707 709 2043 775 Hispaniensi
2066 709 2381 762 detruncata
2404 726 2523 762 cor-

1451 799 1583 849 pora
1613 786 1835 835 brachiis
1870 786 2114 836 abscissis
2132 787 2166 833 ='
2197 801 2302 837 non
2336 787 2521 839 dubito

1449 860 1702 911 inutiliter
1741 863 2055 927 geminatam
2096 864 2329 915 litteram
2364 879 2391 914 s
2431 866 2527 929 eji-

1449 953 1598 989 cere:
1626 940 1703 990 uti
1728 954 1877 991 xxn.
1900 945 1983 991 33.
2010 946 2111 1002 881,
2143 941 2161 969 ‘
2185 940 2525 1007 praecisisque

1449 1017 1689 1067 manibus
1708 1015 1981 1067 dimissus.’
2011 1017 2288 1069 Lucretius
2304 1031 2392 1069 111.
2409 1021 2532 1069 654·

1449 1093 1466 1120 ‘
1493 1094 1566 1144 Et
1598 1100 1759 1157 caput
1794 1093 2048 1144 abscisum
2089 1093 2260 1143 calido
2296 1093 2526 1143 virente-

1452 1182 1553 1232 que
1596 1177 1783 1219 trunco
1800 1168 1836 1218 ε’
1879 1169 2015 1234 qnod
2059 1162 2416 1233 recipiendnr'n
2454 1185 2526 1220 ex

1451 1245 1584 1295 Mss.
1609 1259 1705 1309 pro
1727 1260 1828 1311 quo
1860 1245 2117 1295 abscissum
2149 1251 2334 1310 turpat
2366 1245 2525 1296 editi-

1449 1335 1599 1371 ones.
1630 1321 1749 1372 Nec
1769 1322 1924 1372 aliter
1948 1330 2092 1371 muto
2119 1321 2260 1384 apud
2285 1322 2524 1372 Martini.

1451 1398 1637 1463 Epigr.
1661 1412 1727 1451 11.
1748 1403 1832 1449 82.
1881 1400 1898 1429 ‘
1924 1398 2146 1448 Abscisa
2169 1412 2372 1449 servum
2395 1398 2524 1464 quid

1451 1473 1622 1537 fingis,
1655 1475 1905 1532 Pontice,
1928 1476 2104 1537 lingna
2119 1473 2158 1523 Ρ
2224 1475 2298 1525 Et
2334 1476 2523 1540 Epigr.

1450 1564 1540 1600 111.
1562 1555 1644 1602 80.
1676 1555 1693 1582 ‘
1710 1550 1932 1601 Abscisa
1956 1558 2039 1601 881
2061 1565 2223 1615 qnare
2243 1552 2404 1600 881818
2422 1551 2524 1601 tibi

1449 1630 1684 1677 mentula
1718 1626 1891 1678 testa)
1944 1627 2081 1676 Veli.
2113 1627 2422 1677 Patercnlns
2458 1639 2526 1677 11.

1447 1706 1534 1754 27.
1558 1704 1587 1767 §
1609 1707 1659 1752 8.
1697 1705 1713 1732 ⁸
1737 1703 1902 1766 Cujus
1928 1702 2187 1752 abscisum
2210 1710 2373 1767 caput
2393 1699 2526 1752 ferri

1450 1781 1750 1845 gestan-ique
1793 1781 1936 1830 circa
1981 1779 2257 1830 Praeneste
2302 1779 2467 1843 jussit
2483 1776 2523 1828 ι’

1448 1857 1526 1907 sic
1549 1858 1685 1907 enim
1715 1865 1771 1907 et
1807 1857 1878 1907 ibi
1909 1857 2139 1919 18811818,
2160 1864 2221 1906 81
2241 1862 2387 1906 recte
2409 1855 2521 1908 edi-

1448 1943 1559 1984 tum
1583 1939 1665 1983 881
1686 1933 1870 1984 806818
1893 1933 2026 1984 libro
2061 1946 2109 1983 c.
2142 1936 2227 1983 66.
2263 1934 2293 1997 §
2322 1937 2372 1982 2.
2393 1938 2451 1983 et
2472 1945 2527 1985 c.

1449 2013 1562 2060 119.
1589 2009 1679 2059 fin.
1712 2010 1912 2061 Seneca
1934 2010 1988 2059 in
2008 2010 2245 2073 Thyeste
2267 2024 2347 2059 vs.
2370 2013 2521 2060 1088.

1446 2087 1464 2115 ‘
1489 2086 1710 2137 Abscisa
1732 2101 1893 2137 cerno
1912 2088 2088 2152 capita
2109 2095 2167 2138 et
2190 2088 2392 2137 avulsas
2412 2102 2523 2137 818·

1448 2177 1545 2214 888
1562 2163 1595 2211 :⁹
1630 2164 1706 2215 ita
1731 2165 1957 2215 restituo
1979 2178 2049 2214 ex
2072 2163 2273 2215 duobus
2306 2163 2464 2216 codd.
2487 2179 2522 2214 8

1450 2241 1634 2306 quibus
1671 2248 1815 2291 recte
1850 2241 1936 2290 1118
1974 2241 2117 2291 10888
2158 2240 2528 2299 constituitur,

1450 2332 1571 2368 cum
1610 2318 1774 2368 ceteri
1809 2316 2039 2367 habeant
2073 2317 2297 2367 abscissa.
2364 2315 2522 2367 Cian-

1449 2393 1590 2446 dian.
1613 2395 1664 2443 in
1690 2394 1912 2458 Eutrop.
1929 2407 1967 2445 1.
1987 2397 2104 2444 280.
2138 2393 2156 2421 ‘
2179 2391 2440 2457 Ungninis
2463 2400 2523 2443 et

1451 2471 1707 2535 reliquum
1730 2469 1973 2534 Phrygiis
1992 2467 2259 2519 abscidere
2284 2467 2467 2519 cultris
2487 2465 2534 2521 ι’,

1449 2560 1602 2610 qnam
1643 2547 1956 2611 scripturam
2001 2545 2326 2595 reduxerunt
2362 2540 2520 2594 codd.

1447 2623 1729 2673 Heinsiani
1773 2628 1831 2672 et
1873 2620 2105 2672 Rhodiu‘s
2154 2620 2219 2671 ad
2279 2620 2518 2671 scribon.

1447 2700 1676 2764 Largum
1699 2699 1944 2761 Compos.
1966 2696 2113 2747 Med.
2137 2711 2190 2762 p.
2215 2699 2329 2746 164.
2381 2695 2521 2765 Con·

1447 2773 1531 2825 fer
1568 2777 1823 2827 Bernecc.
1860 2775 1926 2826 86
1960 2773 2160 2826 388118.
2192 2786 2291 2824 xv.
2323 2777 2374 2823 8.
2404 2768 2434 2837 ’ς
2466 2776 2521 2823 4.

1446 2850 1717 2904 vorstium
1754 2852 1821 2903 86
1844 2852 1963 2902 val.
1987 2851 2271 2902 Maximum
2294 2863 2334 2901 1.
2359 2853 2407 2900 1.
2431 2856 2536 2899 cx.'

1446 2934 1527 2980 18.
1562 2929 1808 2979 086886.
1835 2927 1901 2977 86
1927 2928 2125 2977 Lucan.
2149 2940 2239 2978 111.
2259 2930 2343 2976 88.
2378 2924 2517 2975 Can-

1445 3007 1770 3071 negieteruui
1803 3005 1871 3056 86
1902 3003 2091 3055 Avian.
2125 3003 2259 3054 Fab.
2294 3014 2441 3075 xxx.
2463 3005 2517 3051 2.
2575 3022 2583 3038 ·

1446 3081 1665 3133 Orosius
1697 3096 1756 3131 v.
1791 3085 1873 3131 16.
1910 3078 2180 3130 ‘Abscisis
2217 3078 2357 3128 88181
2395 3091 2518 3128 cum

1444 3161 1592 3211 crine
1635 3158 1921 3209 verticibus
1937 3155 1975 3207 ε’
2029 3170 2145 3222 quai
2191 3154 2415 3206 mutatio
2452 3153 2519 3204 fit

1445 3236 1552 3287 fide
1584 3238 1692 3287 Ms.
1725 3250 1822 3301 pro
1860 3235 2066 3298 vulgato
2102 3232 2342 3284 abscissis.
2407 3231 2518 3282 Sed

1446 3314 1570 3379 quid
1592 3313 1779 3379 plura?
1811 3311 2034 3362 eandem
2055 3307 2364 3360 emendandi
2388 3309 2521 3359 rati-

1448 3406 1600 3442 onem
1625 3388 2001 3441 observandam
2018 3401 2133 3437 8888
2152 3386 2390 3436 existimo
2407 3398 2514 3435 om-

1446 3468 1597 3518 nibus
1621 3462 1889 3522 1111810818.
1913 3465 2000 3515 ubi
2032 3464 2098 3514 68
2133 3463 2292 3513 rebus
2327 3468 2517 3512 natura

1444 3560 1543 3596 sna
1584 3544 1824 3596 animatis
1863 3557 2034 3593 sermo
2077 3548 2179 3603 est,
2217 3541 2355 3606 quod
2403 3539 2519 3604 ipsa.

1444 3622 1711 3687 quantitas
1747 3621 1801 3670 in
1834 3618 2035 3670 abscidit
2059 3617 2234 3667 media
2268 3615 2438 3679 brevi,
2457 3623 2518 3666 et

1439 3696 1645 3747 abscidit
1666 3695 1839 3747 media
1855 3693 2129 3758 producta,
2147 3692 2200 3742 in
2222 3691 2389 3756 poetis
2410 3692 2516 3740 818-

1441 3773 1552 3822 rius
1572 3773 1740 3834 exigit
1753 3777 1811 3821 et
1828 3770 2184 3820 demonstran
2207 3782 2359 3833 quam
2377 3768 2515 3817 viam

1441 3848 1736 3902 certissimo
1779 3855 1970 3897 conatu
2018 3846 2264 3896 insistunt
2307 3843 2516 3894 Grono-

1444 3924 1557 3974 vius
1578 3922 1646 3974 86
1657 3914 2061 3974 senceum-1.
2084 3937 2164 3977 vs.
2190 3923 2303 3971 194.
2323 3927 2379 3969 81
2397 3920 2516 3970 Du-

1440 3997 1601 4049 kerus
1625 4000 1691 4048 ad
1716 3999 1924 4048 Florum
1951 4011 2018 4047 11.
2034 4000 2091 4047 2.
2126 3998 2156 4061 §
2178 3999 2228 4046 2.
2298 3995 2370 4044 Et
2390 3995 2433 4044 si
2457 3995 2513 4045 18

1441 4066 1535 4125 1110
1577 4082 1813 4138 tempore
1851 4072 1926 4122 rei
1959 4072 2155 4121 veritas
2190 4070 2373 4134 negari
2406 4083 2514 4121 808

1443 4150 1628 4216 possit,
1649 4163 1745 4199 cnr
1780 4149 1879 4199 boc
1912 4145 2082 4196 fraudi
2115 4154 2260 4196 esset
2298 4146 2515 4209 partici-

1441 4227 1549 4291 pio,
1571 4226 1659 4276 nbi
1685 4238 1781 4288 per
1803 4235 2096 4283 mensuram
2117 4222 2378 4288 poeticam
2396 4224 2512 4274 haeo

1439 4296 1680 4370 dignosci
1724 4317 1827 4355 808
1874 4303 2125 4368 possunt?
2193 4302 2337 4356 Hinc
2367 4303 2509 4368 apud
