3025 4934
532 381 663 450 726

601 543 630 607 ᾧ
655 547 685 592 5
723 540 823 598 Qui
850 541 965 602 jure
993 547 1128 591 ortus
1150 542 1370 605 tenuique
1401 542 1593 589 indocto

528 622 695 685 patre]
725 619 1060 670 Casaubonus
1104 618 1331 669 faciebat
1368 625 1501 667 ortus
1522 623 1595 666 te·

531 697 636 759 nui,
657 702 799 760 alque
818 696 1022 752 indocto,
1039 698 1120 758 fise.
1140 696 1403 745 tentabam
1415 702 1476 743 et
1497 707 1595 757 ego

536 773 619 836 qui
648 786 760 820 rure
792 777 925 822 ortus
963 772 1111 827 tenui,
1148 785 1426 835 quamquam
1456 772 1595 820 docto

531 855 692 913 patre.
724 849 879 899 Grut.
948 849 1115 898 Locus
1138 849 1249 897 sine
1276 847 1432 897 dubio
1452 847 1596 897 varie

537 932 832 988 corruptus,
847 939 1002 988 quem
1021 923 1236 973 diversis
1259 923 1414 972 etiam
1434 922 1598 971 modis

540 1007 749 1053 tentare
773 1000 1006 1063 adgressi
1038 1007 1159 1049 sunt
1186 1000 1395 1049 eruditi.
1463 997 1597 1048 Mihi

538 1092 602 1126 ex
630 1083 779 1140 parte
819 1076 1095 1140 plurimum
1122 1074 1319 1124 arridet
1341 1074 1598 1123 sententia

541 1153 830 1203 Casauboni
871 1151 937 1199 ad
980 1151 1238 1214 Spartian.
1280 1152 1597 1214 Sevencap.

541 1233 620 1279 17.
643 1235 875 1279 attamen
902 1229 953 1277 in
978 1224 1213 1277 omnibns
1242 1226 1486 1276 adsentiri
1508 1240 1599 1275 ne·

540 1321 693 1373 queo.
743 1306 908 1356 Pauci
927 1305 1087 1355 credo
1111 1305 1447 1365 dubitabunt,
1470 1304 1599 1368 quin

542 1391 789 1447 corrupte
806 1386 1011 1447 legatur
1026 1384 1243 1445 tenuique
1264 1383 1468 1431 indocto.
1487 1379 1601 1431 Sci·

538 1462 667 1511 licet
700 1462 812 1510 baec
857 1459 1098 1523 profecta
1126 1467 1260 1510 sunt
1299 1474 1329 1508 a
1371 1459 1601 1516 librario,

540 1536 631 1602 qui
671 1536 745 1586 ita
783 1536 991 1597 scripsit
1036 1542 1246 1585 secutus
1282 1548 1476 1583 morem
1522 1534 1601 1583 sni

540 1612 722 1676 seculi,
739 1627 854 1662 cnm
885 1627 1040 1662 voces
1065 1613 1302 1667 diversae,
1337 1625 1454 1675 quae
1478 1623 1601 1660 cou-

530 1689 805 1753 junctione
850 1687 1235 1750 distinguendae
1274 1693 1446 1749 erant,
1478 1699 1601 1736 con*

541 1770 884 1813 necterentur
920 1763 1129 1827 adjecta
1170 1763 1360 1827 copula
1389 1763 1453 1812 ad
1495 1763 1601 1825 pri-

539 1854 676 1889 mam
711 1854 909 1889 vocem.
974 1839 1129 1889 Hanc
1169 1854 1275 1888 rem
1311 1852 1451 1902 saepe
1486 1852 1604 1887 cor·

543 1917 762 1979 rupteloe
783 1930 958 1965 ansam
976 1916 1259 1978 praebuisse
1278 1915 1458 1965 docuit
1476 1914 1626 1969 Cor·.

544 1993 649 2041 tius
673 1991 738 2041 ad
769 1991 895 2040 Sall.
916 1992 1041 2052 Jug.
1066 2006 1115 2041 c.
1143 1996 1224 2039 55.
1249 1993 1277 2055 ς
1302 1996 1348 2041 1.
1374 1998 1428 2041 et
1450 2005 1497 2040 c.
1521 1994 1605 2041 62.

544 2070 644 2132 ξε).
679 2082 843 2132 quare
881 2076 935 2115 et
973 2067 1055 2116 hic
1083 2068 1362 2116 scriberem
1388 2068 1607 2132 tenuique

544 2149 593 2193 et
626 2144 831 2192 indocto.
897 2142 1092 2191 Eodem
1137 2144 1291 2191 modo
1331 2152 1605 2205 peccatum

545 2221 683 2283 apud
709 2220 913 2269 Celsum
938 2219 1003 2268 de
1027 2220 1152 2268 Vita
1189 2220 1322 2269 cm.
1350 2235 1464 2282 pag.
1488 2223 1606 2269 221.

547 2299 563 2325 ⁸
583 2296 786 2348 Quibus
811 2296 930 2351 olim
953 2296 1129 2343 consul
1154 2288 1308 2359 teque
1325 2303 1467 2345 tuum
1491 2309 1607 2359 reg·

543 2387 669 2419 sirim
706 2372 973 2420 honestavi
992 2370 1026 2419 ε’
1061 2372 1175 2434 lege
1210 2377 1344 2434 teque
1374 2376 1422 2420 et
1459 2377 1608 2420 tanin.

548 2445 755 2497 Erroris
782 2461 961 2496 caussa
982 2445 1162 2496 ultima
1188 2445 1535 2508 praecedentis
1553 2452 1610 2494 et

546 2522 713 2587 prima
758 2523 934 2571 littera
972 2523 1235 2585 sequentis
1273 2522 1433 2570 vocis.
1501 2520 1611 2570 Alii

547 2599 880 2661 transpositis
899 2598 1111 2646 vocibus
1128 2602 1174 2647 te
1190 2603 1433 2660 tuumque.
1445 2597 1608 2646 Dein-

548 2676 618 2725 de
642 2675 769 2725 illud
795 2674 945 2724 tantis
980 2673 1194 2722 retineri
1218 2680 1360 2721 recte
1404 2681 1612 2735 potest3

549 2765 801 2816 pro,quae
825 2759 930 2800 tam
953 2764 1188 2810 magnum
1225 2748 1346 2812 qnid
1385 2757 1440 2798 et
1481 2763 1612 2811 prae·

547 2829 750 2877 clarum
774 2834 993 2890 possunt
1016 2823 1242 2882 efficere,
1264 2838 1383 2888 quae
1411 2823 1611 2873 tanturn

551 2902 734 2951 valent
758 2902 898 2949 iuter
922 2901 1186 2948 mortales.
1220 2898 1397 2949 Ars-ez.

619 2980 647 3042 ς
670 2983 702 3028 6
735 2977 818 3027 Διὶ
837 2978 958 3026 celsa
978 2976 1141 3040 habet]
1175 2974 1256 3026 An
1277 2975 1485 3034 adhibet,
1523 2981 1615 3026 aut

555 3054 697 3104 aliud
735 3054 860 3117 qnid
882 3051 1329 3102 substituendum?
1398 3052 1612 3116 Sylbur·

551 3131 640 3196 gio
666 3131 841 3194 placet
862 3130 1095 3179 subvehit.
1133 3129 1289 3179 Grut.

625 3208 724 3263 Qui
754 3206 1057 3270 quamquam]
1092 3204 1326 3255 Malebat
1350 3205 1619 3267 schottus,

545 3282 838 3348 plaudente
860 3282 1137 3345 Syburgio,
1154 3296 1289 3343 quem
1303 3295 1586 3344 quamquam
1600 3298 1619 3340 ,-

552 3372 677 3409 cnm
732 3354 1020 3406 offenderet
1064 3356 1365 3405 insolentior
1406 3358 1618 3406 locutio.

551 3436 663 3486 Sed
705 3447 808 3483 non
861 3434 1013 3482 litant
1059 3434 1151 3481 viri
1197 3433 1391 3483 eruditi
1422 3449 1437 3494 3
1485 3435 1618 3483 ratio

550 3512 697 3560 *enim
723 3510 965 3574 loquendi
999 3520 1100 3571 est,
1122 3525 1273 3575 qnam
1294 3509 1471 3559 Graeci
1495 3510 1610 3560 ἀνα-

558 3588 783 3638 κόλουθον
805 3587 1102 3649 appellant;
1137 3586 1179 3633 si
1219 3586 1487 3649 praecedat
1526 3601 1618 3636 no·

557 3665 861 3726 minanam,
894 3661 980 3711 ubi
1021 3677 1087 3711 ex
1120 3662 1304 3713 ordine
1346 3671 1620 3713 construc-

560 3742 716 3790 tionis
753 3741 885 3788 alius
920 3753 1070 3788 casus
1107 3739 1374 3789 videretur
1407 3740 1621 3805 requiri.

560 3816 847 3868 Terentius
872 3816 1004 3864 Hec.
1043 3827 1131 3863 ιιι.
1163 3820 1276 3865 Lo.
1311 3819 1329 3845 ⁸
1354 3816 1487 3865 Nam
1528 3830 1619 3867 uos

562 3909 761 3957 omnes,
777 3886 959 3956 quibus
973 3899 1055 3940 est
1073 3891 1311 3942 alicunde
1331 3892 1514 3956 aliquis
1530 3892 1619 3942 οδε

551 3974 729 4037 jectus
755 3970 921 4024 labos,
958 3967 1129 4016 Omne
1154 3968 1290 4031 quod
1316 3977 1396 4018 est
1421 3970 1622 4018 interea

562 4057 790 4112 tempus,
829 4047 1124 4110 priusquam
1163 4045 1216 4094 id
1248 4046 1491 4095 rescitum
1516 4053 1616 4103 est,

562 4126 712 4175 lucro
735 4122 863 4173 estz'
896 4136 997 4186 quo
1021 4121 1133 4169 loco
1147 4121 1454 4170 haesitarnut
1477 4121 1623 4171 docti

564 4203 897 4266 interpretes,
914 4212 1031 4248 cnm
1053 4197 1292 4249 viderent
1317 4199 1511 4265 requiri
1534 4198 1623 4247 da-

567 4279 730 4331 tivum
752 4275 964 4327 omnibus
982 4276 1135 4342 nobis,
1154 4275 1290 4342 quod
1323 4276 1483 4328 etiam
1504 4282 1627 4342 post

1232 396 1446 448 No'rAE
1495 393 1897 445 vamoltum
1955 393 2032 446 [N

1673 537 1930 589 Faernum
1955 538 2008 589 in
2029 545 2228 589 textum
2245 549 2412 603 nuper
2427 538 2631 591 admisit
2652 541 2730 592 vir

1671 631 1918 680 maguus;
1965 617 2145 665 melius
2183 617 2421 665 Donatus
2459 619 2733 668 nominati·

1669 707 1786 741 vum
1825 694 1961 741 bunc
1997 692 2262 742 absolutum
2283 693 2427 757 (haec
2456 695 2594 742 enim
2628 700 2734 745 voi

1671 782 1772 816 non
1797 767 2046 816 mutanda
2069 775 2149 816 est
2172 768 2224 816 in
2244 767 2487 832 soloecum)
2502 769 2736 819 dixerat.

1672 844 1879 894 Hirtius
1904 844 2038 893 Bell.
2065 842 2228 893 Afric.
2262 859 2310 892 c.
2336 849 2419 893 25.
2457 845 2485 907 §
2513 849 2560 893 1.
2583 851 2598 873 ‘
2619 846 2735 895 Rex
2808 839 2812 845 ’

1671 918 1829 979 Juba,
1851 920 2073 983 cognitis
2095 920 2312 969 Caesaris
2334 912 2735 972 difficultatibus

1670 997 2042 1060 copiarumque
2063 999 2344 1059 paucitate,
2355 1011 2455 1046 uon
2469 1004 2553 1047 est
2567 999 2737 1047 visum

1673 1073 1784 1122 dari
1801 1075 2023 1137 spatium
2046 1074 2444 1123 convalescendi
2464 1072 2498 1123 ε’
2532 1090 2638 1139 quo
2664 1075 2740 1124 lo-

1672 1163 1736 1199 co
1766 1149 2123 1212 inspiciendus
2149 1150 2392 1199 Davisius
2425 1157 2484 1199 et
2507 1152 2573 1198 ad
2599 1152 2741 1200 Bell.

1675 1224 1814 1275 Gall.
1828 1238 1866 1276 1.
1892 1229 1971 1275 18.
2006 1225 2246 1275 Lucanus
2263 1240 2344 1276 ιι.
2358 1229 2474 1277 777.
2503 1233 2516 1256 ⁸
2536 1227 2741 1276 Vincu-

1676 1302 1728 1351 la
1745 1315 2038 1362 nervorum,
2055 1308 2111 1351 et
2145 1301 2369 1351 laterum
2396 1309 2634 1363 textura,
2655 1318 2741 1353 ca-

1678 1390 1898 1442 vumque
1921 1379 2139 1435 Pectus,
2170 1386 2227 1428 et
2259 1378 2555 1428 abstrusum
2594 1380 2740 1428 virus

1676 1453 1918 1503 vitalibus
1942 1469 2113 1516 omne,
2153 1454 2418 1520 Quidquid
2460 1449 2615 1505 homo
2639 1464 2742 1518 est,

1678 1529 1847 1593 aperit
1870 1531 2030 1593 pestis
2050 1530 2084 1579 :’
2105 1529 2323 1580 offendit
2340 1537 2395 1581 et
2417 1530 2514 1581 hoc
2539 1547 2605 1582 eo
2629 1534 2744 1582 loco

1678 1605 1843 1654 virum
1866 1606 2237 1671 doctissimum,
2259 1622 2374 1657 cum
2403 1607 2609 1659 interimi
2638 1615 2745 1659 tex·

1676 1686 1835 1730 turam
1856 1681 2125 1732 debuisset
2146 1683 2378 1732 scribere
2402 1684 2580 1746 poeta.
2606 1686 2746 1736 Con-

1678 1756 1760 1806 fer
1784 1755 2132 1807 Burmannum
2171 1758 2235 1808 ad
2263 1758 2471 1809 Phaedr.
2496 1760 2633 1809 Fab.
2660 1775 2747 1811 nr.

1676 1838 1760 1883 20.
1784 1839 1832 1884 6.
1871 1844 1926 1885 et
1950 1850 2002 1884 v.
2021 1841 2072 1886 9.
2108 1837 2310 1887 Graecis
2333 1837 2431 1887 hoc
2459 1838 2749 1895 admodum

1679 1917 1763 1961 est
1784 1912 2059 1973 familiare,
2094 1913 2161 1962 de
2194 1913 2380 1978 quibus
2415 1915 2645 1964 Casaub.
2680 1915 2747 1965 ad

1679 1989 1911 2053 Polyaen.
1932 1988 2096 2038 Strat.
2131 2003 2168 2038 1.
2205 1991 2286 2040 18.
2320 1996 2376 2039 et
2400 1991 2642 2041 Perizon.
2683 1992 2746 2040 ad

1681 2065 1867 2114 AElian.
1893 2067 2019 2114 Var.
2041 2066 2178 2114 Hist.
2199 2079 2262 2114 ιι.
2285 2067 2366 2115 11.
2435 2068 2505 2114 Et
2533 2069 2651 2115 haec
2677 2068 2748 2116 ita

1682 2150 1893 2206 possent
1917 2143 2141 2192 construi
2159 2159 2172 2191 ε
2188 2145 2204 2172 ‘
2221 2143 2309 2207 qui
2324 2158 2639 2208 quamquam
2659 2159 2750 2193 ex·

1683 2225 1804 2267 acta
1853 2226 1992 2267 esset
2049 2226 2225 2281 aetate,
2272 2234 2387 2269 cum
2433 2229 2749 2283 moreretur,

1680 2303 1939 2343 mortuum
1957 2302 2147 2355 tamen,
2168 2294 2285 2345 &ce
2308 2297 2482 2345 Aratz.

1747 2371 1895 2420 Illum
1915 2369 2102 2430 justam
2145 2371 2302 2435 nasci]
2355 2371 2489 2420 Vide
2533 2372 2750 2421 Salmas.

1684 2446 1822 2509 apud
1847 2447 2111 2510 Spartian.
2142 2445 2303 2496 Arma.
2368 2447 2503 2510 Cap.
2525 2453 2605 2498 18.
2659 2448 2753 2498 Ni·

1686 2522 1728 2571 si
1765 2522 1926 2571 mavis
1967 2531 2293 2585 construere,
2339 2522 2571 2585 ‘justum
2616 2538 2754 2578 esse.

1686 2598 1894 2647 minimo
1933 2599 2252 2654 convenisse,
2291 2599 2433 2647 illum
2474 2599 2620 2649 nasci
2661 2606 2754 2649 aut

1685 2674 1852 2724 mori.’
1878 2673 2058 2724 Arntz.
2654 2703 2661 2706 -

1748 2751 1776 2813 §
1797 2754 1830 2799 9
1853 2750 2125 2800 Pertinacis
2137 2755 2300 2800 auctor
2312 2750 2580 2817 occidendi]
2595 2752 2753 2804 Quod

1686 2827 1866 2876 literas
1913 2826 2182 2876 Commodi
2242 2828 2293 2875 in
2340 2825 2522 2876 Albini
2573 2828 2750 2876 odium

1689 2904 1827 2953 idem
1873 2906 2125 2954 Pertinax
2173 2904 2509 2970 publicasset.
2574 2906 2752 2957 Quare

1690 2980 1908 3030 Albinus
1931 2972 2201 3031 occidendi
2229 2980 2522 3029 Pertinacis
2544 2980 2754 3031 Juliauo

1691 3060 1871 3105 auctor
1911 3055 2032 3105 fuit.
2109 3055 2218 3106 Jul.
2262 3054 2491 3117 Capitol.
2541 3055 2754 3106 Albino.

1690 3133 1785 3181 Est
1809 3130 1901 3181 inf.
1934 3131 2148 3181 Clodius
2173 3129 2376 3194 quidam
2399 3130 2672 3187 Balbinus,
2693 3141 2754 3182 nt

1690 3207 1744 3257 iu
1768 3206 2037 3257 Gordiano
2060 3214 2195 3255 extr.
2221 3206 2526 3255 notavimus.
2553 3208 2740 3258 Schott.

1755 3285 1783 3347 ς
1801 3288 1862 3333 10
1886 3284 2049 3346 Ipsum
2066 3283 2224 3344 magis
2241 3282 2522 3346 adscivisse]
2546 3284 2753 3334 Nomen

1693 3363 1892 3411 scilicet
1918 3359 2226 3409 Pertinacis.
2291 3360 2431 3411 Quid
2457 3362 2500 3409 si
2521 3362 2752 3424 parsimo-

1689 3439 1821 3487 niam
1850 3437 2045 3487 senilem
2075 3451 2171 3500 pro
2206 3437 2445 3485 similem?
2510 3437 2752 3489 Avaritia

1693 3517 1829 3565 enim
1849 3528 2027 3564 senum
2046 3515 2274 3578 propria.
2311 3513 2515 3563 Etillud
2537 3516 2746 3564 verbum

1693 3593 1743 3644 in
1802 3603 2010 3654 parcum
2067 3597 2124 3639 et
2180 3605 2387 3639 avarum
2424 3599 2550 3652 apte
2596 3592 2751 3641 cadit.

1694 3668 1916 3717 Plautus
1960 3666 2292 3729 Capteiveis:
2351 3666 2526 3717 ‘Quid
2564 3674 2620 3718 tu
2659 3668 2753 3729 ais,

1695 3752 1921 3794 tenaxne
1947 3750 2098 3806 pater
2120 3742 2266 3804 ejus?
2300 3743 2413 3791 Pu.
2437 3741 2592 3791 immo
2614 3745 2750 3793 aede-

1696 3822 1782 3884 pol
1819 3816 2100 3884 pertinax!
2168 3819 2239 3867 Et
2274 3828 2512 3886 extrema
2531 3820 2746 3870 Casinas

1693 3902 1825 3962 ‘quo
1871 3894 2213 3958 argumento?
2269 3893 2368 3942 Or..
2411 3894 2561 3944 nimis
2597 3906 2751 3945 tenax

1696 3974 1790 4025 es.'
1856 3972 1960 4026 Qui
1984 3984 2162 4020 versus
2197 3970 2425 4020 inlibris
2450 3973 2748 4035 quibusdam

1696 4050 1877 4100 abest:
1913 4055 1966 4097 at
1990 4047 2188 4096 auctori
2223 4054 2401 4095 nostro
2424 4048 2593 4097 altera
2615 4051 2749 4097 notio

1696 4128 1910 4192 placuit.
1978 4125 2423 4184 ‘Cognomentum
2462 4123 2748 4173 Pertinacis

1696 4220 1802 4254 non
1827 4213 1932 4254 tam
1957 4216 2051 4252 sua
2074 4203 2342 4250 voluntate
2365 4216 2527 4266 quam,
2548 4218 2620 4252 .ex
2647 4213 2748 4251 mo·

1698 4297 1813 4333 rum
1863 4277 2176 4346 parsimonia
2221 4277 2434 4330 videtur
2485 4276 2751 4331 habuisse.'
