3025 4934
488 356 620 429 ⁷32

490 518 624 567 tavit
654 523 710 564 et
743 516 1065 567 ceremonias
1095 518 1257 580 magis
1285 516 1553 581 AEgyptio·

488 609 602 645 rum
654 594 837 643 ritibus
888 594 1257 643 convenientes
1310 594 1560 657 instituit,

489 671 572 719 vel
596 679 719 719 aute
739 685 796 718 se
820 669 1089 719 damnatas
1122 670 1310 719 iterum
1345 683 1553 720 revoca·

489 748 583 797 vit.
616 748 793 797 Arntz.

564 824 668 874 Via
688 825 844 887 nove]
881 826 1002 875 Non
1033 825 1167 873 illius
1205 840 1321 889 (μω
1345 840 1376 874 a
1399 826 1553 876 Vela·

489 903 586 952 bro
628 904 764 952 inter
803 903 1115 964 Capitolium
1154 910 1211 953 et
1253 903 1554 954 Palatinum

490 986 722 1029 montem
757 977 982 1028 ducebat
1017 980 1070 1028 in
1104 978 1305 1042 fornm3
1345 981 1413 1031 de
1449 996 1584 1045 qua·

491 1053 653 1104 ovid.
692 1056 894 1104 Fastor-
916 1056 1005 1106 lib.
1028 1070 1107 1105 vt.
1141 1062 1157 1085 ⁴
1180 1057 1297 1108 Qua
1333 1057 1418 1106 via
1454 1059 1554 1107 Ro·

492 1143 645 1178 mano
680 1144 817 1179 nuuc
850 1145 981 1180 nova
1010 1131 1196 1194 juncta
1230 1131 1383 1181 foro?
1446 1133 1554 1184 Sed

493 1220 610 1267 quae
636 1220 797 1269 prope
821 1207 1001 1256 Severi
1023 1208 1370 1271 Septizonium
1395 1208 1557 1258 decli·

493 1295 621 1331 nana
645 1282 711 1331 ab
735 1282 911 1346 Appia
935 1284 1245 1333 Aventinum
1283 1299 1479 1346 versus,
1503 1293 1558 1335 ct

493 1371 671 1406 rursus
692 1358 743 1406 in
768 1372 882 1407 eam
907 1360 1002 1409 sub
1024 1360 1238 1409 thermis
1253 1359 1559 1412 Antoninia-

494 1434 574 1482 nis
612 1434 846 1483 incidens
883 1435 1021 1485 inter
1067 1437 1265 1499 plateas
1302 1439 1559 1488 Romanas

493 1513 718 1561 omnium
741 1513 842 1562 fuit
867 1515 1197 1576 pulcerrima.
1231 1517 1562 1578 Spartianus.

495 1589 681 1638 Schott.
747 1590 816 1639 Et
854 1589 1117 1640 Nardinus
1153 1593 1205 1641 in
1243 1594 1409 1643 Roma
1433 1593 1558 1645 Vet.

495 1677 598 1714 vn.
622 1669 672 1713 6.
705 1665 880 1714 Arntz.

560 1740 641 1790 Aa
669 1741 943 1805 beandum]
973 1743 1142 1791 Tanta
1173 1745 1306 1792 mole
1341 1751 1398 1795 et
1432 1745 1561 1795 arti-

496 1814 614 1864 ficio
632 1824 848 1867 structae
877 1818 954 1865 hae
994 1818 1211 1867 therme
1244 1818 1477 1877 fuerunt,
1502 1827 1561 1869 ut

432 1904 440 1919 ‘
496 1894 657 1942 etiam
672 1893 825 1942 =docti
852 1894 1126 1944 architecti
1151 1896 1285 1944 tales
1310 1896 1423 1946 fieri
1448 1912 1560 1961 pos·

494 1984 550 2018 se
576 1981 845 2032 negarent.
901 1970 1050 2021 Idem
1070 1972 1248 2036 Spart.
1271 1973 1561 2025 Caracalla.

499 2045 690 2095 Sotion.

561 2124 591 2185 ξ
614 2126 645 2170 6
680 2122 920 2185 Moritur]
953 2122 1057 2171 Sed
1081 2122 1147 2172 de
1172 2138 1360 2186 genere
1379 2124 1563 2175 mortis

495 2212 675 2248 omnes
695 2211 796 2245 nou
821 2198 1001 2246 eadem
1030 2198 1281 2248 scribunt.
1347 2198 1398 2251 A
1421 2200 1562 2249 Mar-

498 2275 610 2323 tiali
631 2272 964 2323 interfectum
991 2274 1151 2324 tradit
1174 2274 1463 2326 Herodian.
1483 2289 1563 2325 tv.

498 2355 580 2400 13.
605 2349 819 2412 propria
837 2358 1003 2400 morte
1023 2350 1210 2400 obiisse
1225 2352 1372 2403 Sext.
1394 2351 1563 2402 Rufus

497 2428 551 2478 in
575 2427 734 2476 Brev.
757 2440 804 2475 c.
826 2430 910 2475 21.
973 2425 1061 2478 Ab
1087 2427 1321 2477 hostibus
1342 2429 1563 2478 circum-

497 2511 708 2552 ventum
743 2499 904 2552 fuisse
941 2504 1170 2553 occisum
1208 2503 1425 2554 Orosius
1456 2518 1563 2554 vu.

499 2582 580 2629 18.
617 2588 882 2629 auctorem
917 2580 1080 2629 coedis
1110 2595 1370 2645 nunquam
1401 2580 1563 2631 fuisse

499 2658 765 2721 cognitum
789 2657 1026 2708 Zosimus
1047 2672 1126 2708 vr.
1147 2663 1196 2708 9.
1240 2661 1361 2710 Non
1384 2659 1566 2710 addito

500 2734 710 2784 nomine
767 2736 784 2762 ‘
809 2733 1024 2783 militem
1045 2733 1062 2756 '
1113 2735 1254 2784 necis
1300 2742 1565 2784 auctorem

499 2811 686 2861 statuit
706 2798 1024 2874 'epitomator
1047 2819 1226 2859 noster
1245 2797 1294 2859 c.
1317 2815 1403 2860 21.
1458 2808 1566 2860 Alii

501 2889 686 2950 aliter3
718 2888 838 2937 vide
862 2888 1047 2946 Scalioe.
1070 2886 1136 2935 ad
1160 2886 1349 2936 Euseb.
1373 2901 1426 2949 p.
1448 2890 1567 2938 231.

499 2962 655 3015 Quod
693 2961 841 3013 addit
876 2962 1041 3012 Rufus
1072 2975 1189 3011 eum
1226 2962 1460 3012 ‘ibidem
1487 2976 1567 3011 se·

498 3041 702 3104 pultum
743 3038 946 3095 fuisse,'
989 3039 1056 3088 de
1086 3040 1209 3089 'sola
1250 3041 1568 3089 crematione

498 3115 893 3180 intelligendum
918 3123 1018 3176 est,
1047 3128 1151 3179 quo
1187 3128 1342 3163 sensu
1380 3121 1396 3144 ‘
1418 3128 1569 3178 sepe·

500 3194 598 3242 lire
615 3194 631 3217 ’
662 3192 850 3257 passim
882 3206 1162 3243 occurrere
1185 3193 1305 3242 alibi
1330 3191 1570 3242 vidimus·

503 3268 637 3318 Inde
672 3276 906 3318 cremata
938 3283 1052 3317 ossa
1090 3275 1146 3317 et
1183 3269 1388 3317 cineres
1427 3269 1570 3318 dice·

502 3345 697 3393 bantur
734 3351 749 3374 ‘
767 3341 1034 3407 reliquiae,’
1058 3344 1139 3392 vel
1172 3352 1232 3392 ut
1264 3344 1462 3393 Noster
1483 3343 1572 3395 hic

502 3420 722 3483 reliqua5
755 3419 822 3469 de
855 3420 1041 3483 quibua
1073 3417 1309 3467 Vorstius
1344 3419 1409 3470 ad
1433 3419 1578 3471 Justc

505 3510 585 3545 rx.
615 3499 666 3545 4.
697 3498 727 3559 ξ
758 3501 807 3545 4.
878 3494 1016 3544 Hinc
1053 3493 1444 3558 superstitiosus
1481 3495 1571 3544 ille

505 3575 649 3621 circa
664 3571 911 3636 ‘reliquias
930 3578 1221 3620 sanctorum
1239 3572 1408 3620 cultus
1429 3569 1571 3634 apud

506 3647 823 3711 'pontificios-
857 3647 1032 3697 Arutz.
1215 3695 1218 3697 Α

573 3725 882 3775 Caluum.
946 3725 974 3787 ς
1001 3727 1024 3771 1
1063 3724 1415 3788 Diadumenus]
1445 3724 1573 3774 Din-

503 3801 815 3851 dumenianus
850 3799 1025 3849 dictus
1066 3808 1165 3856 est,
1211 3807 1483 3864 postquam
1519 3799 1573 3848 iu

506 3888 714 3942 gentem
736 3876 1115 3926 Antoninorum
1137 3878 1438 3938 transiisset,
1457 3890 1574 3940 quai

506 3959 643 4008 ratio
682 3957 916 4007 mutandi
948 3971 1008 4004 ea
1043 3957 1315 4006 occasione
1353 3956 1573 4006 nominis

508 4034 648 4096 apud
672 4020 933 4083 Romanos
956 4033 1226 4082 notissima
1248 4040 1348 4081 est.
1399 4031 1575 4082 Antea

509 4107 839 4161 Diadumenus
859 4109 1239 4173 appellabatur.
1273 4109 1452 4159 Arntz.

579 4189 746 4236 Coesnr
783 4203 814 4235 a
857 4185 1120 4248 legionibus
1161 4185 1454 4249 appellatur]
1508 4186 1573 4235 In

482 4265 750 4324 nummis,
789 4279 904 4330 quae
948 4262 1241 4314 certissime
1278 4270 1400 4314 sunt
1439 4264 1575 4315 auti·

1182 372 1398 425 No'rAE
1448 375 1855 425 VAtttoRuM
1906 377 1986 425 tn

1628 518 1844 582 quitatis
1881 524 2231 575 monumenta,
2260 520 2429 569 Cesar
2462 519 2691 582 appella·-

1631 602 1750 657 tur3
1785 606 1932 646 certe
1964 597 2016 646 iu
2046 597 2146 646 illis
2168 613 2295 662 quos
2321 598 2497 646 videre
2527 599 2687 646 licuit.

1630 670 1785 732 Apud
1825 672 1900 720 ill.
1945 679 2119 722 tamen
2159 674 2432 736 spanhem.
2479 675 2542 720 de
2583 674 2689 721 Usu

1631 745 1682 795 N
1688 760 1789 795 um.
1809 746 1935 799 diss.
1966 761 2073 796 ιιι.
2098 764 2220 811 pag.
2241 753 2356 798 5⁰9.
2380 755 2558 797 exstat
2579 749 2689 796 hec

1628 821 1900 886 ἐπιγραφῆς
1939 835 2003 872 ιι.
2024 837 2183 875 σπι..
2209 837 2547 874 als-romara.
2573 816 2691 872 mi·

1632 911 2023 949 nvait-:manvu
2063 913 2200 950 Ave.
2278 900 2464 955 Quibus
2497 909 2690 962 autem,

1631 975 1769 1040 quod
1792 978 2044 1040 sequitur,
2065 991 2270 1040 expone
2292 978 2308 1004 ⁸
2334 989 2428 1038 per
2450 991 2580 1040 qnos
2604 976 2693 1023 mi-

1629 1051 1753 1100 lites
1769 1053 1805 1102 ι’
1849 1054 1930 1101 vel
1975 1052 2115 1116 quod
2150 1053 2263 1115 jam
2302 1052 2466 1114 magis
2505 1052 2696 1113 placet,

1631 1131 1883 1179 minorem
1903 1129 2286 1179 distinctionem
2309 1130 2436 1179 tolle
2455 1137 2572 1192 post
2593 1129 2695 1192 qui·

1632 1205 1753 1264 bus3
1783 1215 1837 1255 et
1872 1207 1948 1255 sic
1987 1207 2222 1268 apertior
2258 1205 2448 1253 evadet
2485 1214 2698 1253 senten·

1634 1284 1726 1339 tia,
1752 1284 1794 1333 si
1817 1284 2027 1334 tertium
2050 1298 2224 1333 casum
2250 1281 2446 1332 referas
2466 1284 2533 1331 ad
2570 1286 2587 1311 ⁴
2610 1283 2695 1332 de·

1632 1361 1879 1409 siderium
1903 1359 2052 1409 erat!
2084 1359 2256 1409 Arntz.

1635 1464 1646 1469 ·
1699 1439 1727 1500 §
1751 1441 1781 1486 8
1819 1437 2011 1485 Horum
2033 1436 2156 1486 nihil
2185 1441 2366 1499 proeeer
2385 1451 2539 1484 soeeos
2560 1443 2698 1498 atque

1631 1513 1871 1577 inciviles]
1906 1514 2229 1575 Capitolinus
2245 1513 2438 1576 aliquot
2459 1513 2699 1574 exempla

1634 1591 1963 1643 crudelitatis
1984 1591 2206 1640 Macrini
2231 1599 2624 1651 commemorat,
2646 1600 2702 1638 ut

1633 1667 1721 1731 qui
1745 1674 1800 1716 et
1820 1668 1835 1694 ‘
1857 1664 2175 1715 Mezentius’
2202 1664 2437 1727 populari
2458 1665 2626 1725 dicto,
2648 1674 2703 1712 et

1635 1742 1927 1793 domestica
1945 1741 2295 1805 appellatione
2316 1741 2331 1767 ‘
2356 1741 2670 1789 Macellinns
2686 1738 2698 1760 '

1635 1818 1808 1867 dictus
1829 1819 1917 1881 sit,
1935 1825 1994 1865 ut
2016 1816 2165 1880 cujus
2190 1816 2370 1864 domus
2390 1815 2572 1877 specie
2599 1830 2700 1862 ma·

1635 1896 1754 1944 celli
1776 1895 2027 1958 sanguine
2048 1894 2368 1942 servulorum
2400 1901 2703 1941 cruentare-

1638 1979 1743 2020 tur.
1777 1969 1962 2019 Senon.

1702 2048 1840 2097 cn.
1862 2058 2038 2094 xxm.
2092 2046 2119 2108 §
2145 2048 2171 2092 1
2212 2042 2408 2092 Palatia
2426 2042 2702 2104 constituit]

1639 2123 1793 2174 Prior
1837 2138 1933 2172 vox
1976 2124 2154 2183 inepte
2198 2121 2423 2183 repetita
2467 2128 2706 2181 superat,

1636 2200 1969 2265 quamobrem
1995 2198 2139 2247 uncis
2158 2198 2362 2260 inclusi,
2380 2197 2500 2245 dnm
2519 2196 2703 2244 melius

1639 2276 1833 2342 aliquid
1873 2283 2107 2326 eruatur.
2153 2273 2338 2323 Scauri.
2404 2273 2571 2322 Uncis
2605 2273 2703 2322 cir-

1639 2352 1960 2415 cumsepitur
1994 2350 2117 2399 illud
2147 2350 2360 2412 Palatia,
2391 2363 2491 2399 ceu
2524 2363 2705 2413 auper-

1642 2443 1879 2479 vacuum.
1940 2426 2046 2478 Sed
2070 2427 2208 2475 enim
2230 2427 2271 2473 si
2296 2426 2587 2475 scribamus
2606 2427 2705 2489 pal·

1638 2508 1780 2570 laciu,
1801 2507 1970 2555 locum
1995 2519 2141 2553 suum
2178 2503 2316 2551 belle
2340 2502 2613 2561 tuebitur;
2649 2508 2706 2549 nt

1640 2583 1784 2632 dicat
1818 2588 2018 2636 auctor,
2056 2580 2328 2642 lupanaria
2370 2578 2705 2627 constituisse

1639 2658 2037 2723 Heliogabalum
2074 2657 2124 2705 iu
2166 2656 2520 2720 penetralibus
2563 2657 2706 2719 pala·

1639 2737 1736 2787 tii:
1774 2736 2030 2800 pallacium
2062 2733 2241 2783 fictum
2276 2748 2307 2782 a
2345 2736 2362 2763 ‘
2389 2730 2708 2796 pallacibns'

1639 2828 1732 2863 sen
1756 2815 1773 2842 ⁴
1800 2812 2073 2878 pellicibus
2090 2809 2122 2858 ε’
2161 2811 2227 2860 de
2252 2825 2308 2859 re
2332 2811 2446 2872 ipsa
2470 2804 2705 2873 Lampri-

1639 2893 1756 2942 dius
1777 2907 1824 2942 c.
1848 2895 1925 2943 14.
1963 2892 1984 2921 ‘
2008 2889 2301 2952 Lupanaria
2337 2889 2476 2937 domi
2505 2887 2705 2949 amicis,

1640 2968 1944 3030 clientibus,
1967 2972 2025 3016 et
2049 2966 2213 3015 servis
2245 2963 2519 3014 exhibuit.'
2558 2965 2704 3014 Grut.

1638 3044 1800 3110 [Vide
1824 3046 1951 3094 Not.
1975 3042 2189 3107 Delph.]
2250 3043 2417 3091 Recte
2438 3036 2589 3091 erud.
2615 3039 2702 3090 foe·

1642 3123 1778 3172 mina
1813 3121 1995 3171 vitium
2032 3120 2413 3170 emendationis
2436 3116 2706 3169 Gruteria·

1642 3213 1723 3248 nae
1743 3198 2003 3260 observat,
2028 3210 2123 3259 pro
2148 3209 2247 3260 qua
2275 3209 2373 3256 ego
2396 3194 2591 3252 malim,
2610 3204 2705 3243 nec

1644 3275 1824 3338 majori
1859 3289 1975 3323 cum
1999 3273 2300 3328 mutatione,
2329 3272 2508 3333 pulum.
2574 3271 2705 3321 Con·

1644 3358 1753 3400 stat
1775 3350 1931 3410 enim,
1950 3363 2067 3397 eum
2100 3349 2320 3397 voluisse
2341 3346 2598 3409 neglectis
2629 3359 2704 3395 re-

1643 3427 1794 3492 liquis
1816 3427 1954 3487 Diis,
1978 3424 2134 3474 solius
2159 3425 2306 3487 hujus
2328 3424 2433 3471 Dei
2462 3436 2613 3471 sacra
2634 3422 2704 3471 in·

1644 3504 1852 3559 ducere,
1867 3515 2029 3567 quare
2039 3502 2198 3564 palam
2214 3500 2360 3562 hujus
2375 3498 2702 3551 simulacrum

1646 3581 1939 3640 constituit,
1975 3588 2030 3626 ut
2064 3578 2131 3624 ab
2166 3572 2402 3625 omnibus
2428 3575 2702 3625 coleretur.

1647 3659 1860 3718 Lampr.
1884 3671 1932 3704 c.
1955 3659 2005 3704 3.
2038 3661 2054 3683 ‘
2076 3653 2142 3702 Id
2169 3666 2329 3715 agens
2361 3665 2427 3699 ue
2463 3653 2581 3715 quis
2606 3652 2702 3700 Ro-

1646 3748 1745 3783 mae
1779 3733 1946 3793 Deus,
1976 3730 2076 3780 nisi
2108 3726 2483 3791 Heliogabalus
2514 3726 2702 3776 colere-

1648 3808 1770 3860 tur.'
1800 3807 1976 3856 Arntz.
2644 3816 2647 3821 ·

1719 3883 1938 3935 Visendis
1978 3880 2297 3931 tractandisve
2330 3878 2518 3941 ortibus
2552 3876 2704 3926 libidi-

1645 3959 2103 4022 numserendar'umJ
2153 3956 2269 4007 Erit
2296 3954 2521 4004 fortasse
2544 3955 2627 4019 qui
2648 3952 2701 4002 li·

1645 4040 1856 4088 bidinum
1879 4036 2105 4097 ferarum
2137 4040 2376 4096 reponet.
2444 4031 2699 4083 olivarius

1646 4122 1828 4166 noster
1849 4115 1923 4163 ita
1945 4111 2217 4174 legendum
2251 4111 2415 4160 videri
2448 4111 2700 4160 consultus

1648 4188 1947 4255 respondit:
1971 4189 2221 4254 fingendis
2249 4188 2601 4252 tractandisque
2627 4199 2699 4236 ur·

1645 4270 1778 4321 tibus
1796 4266 2045 4318 libidinum
2062 4280 2154 4316 non
2163 4265 2496 4325 ferendarum.
2546 4266 2612 4315 Et
2632 4262 2699 4312 sic
