3025 4934
552 352 685 418 704

554 512 840 561 lectionum
862 510 1160 576 varietates,
1182 519 1240 562 nt
1258 513 1476 572 minuta,
1491 528 1612 578 per·

556 594 879 650 sequentem,
914 586 1154 636 ridebunt
1195 586 1391 637 indocti
1424 590 1611 652 tnagis·

554 662 702 712 teui=
737 661 829 711 aed
843 676 929 711 eos
949 662 1170 712 vicissim
1190 662 1206 691 ⁴
1227 664 1611 728 Discipulorum

549 737 692 787 inter
703 737 871 802 jubeo
886 738 1091 801 plorare
1105 738 1417 789 cathedras?
1438 740 1611 796 Senot.

553 819 650 864 tas.

618 888 888 939 Proelutuna
928 889 1080 940 Bruti
1118 890 1340 956 sueinus]
1384 891 1612 942 Reddita

551 967 744 1030 populo
779 965 1013 1017 Romano
1041 966 1282 1019 libertate
1323 976 1378 1019 et
1412 967 1611 1019 abolito

547 1040 789 1105 imperio.
855 1041 944 1092 Ita
982 1043 1047 1092 de
1070 1043 1239 1094 Bruto
1261 1052 1318 1094 et
1344 1044 1525 1095 Cassio
1550 1045 1613 1094 1..

543 1117 740 1167 Florus
764 1118 801 1167 Ι.
822 1131 902 1167 ιν.
941 1118 957 1147 ⁴
978 1119 1175 1170 Brutus
1214 1129 1271 1172 et
1291 1113 1498 1171 Cassius
1535 1121 1611 1172 aie

549 1194 615 1245 (2.
637 1194 917 1255 (Dusarem,
933 1197 1074 1260 quasi
1087 1197 1421 1262 Tarquinium
1433 1211 1609 1261 regem

545 1271 812 1335 depulisse
836 1287 995 1336 reguo
1020 1274 1368 1324 videbantur?
1430 1275 1511 1324 De
1531 1290 1609 1324 se·

545 1354 703 1398 natus
739 1350 792 1398 in
814 1351 1090 1400 asserenda
1112 1351 1361 1401 libertate
1391 1364 1610 1401 consen·

545 1439 608 1475 au
627 1427 774 1476 Suet.
797 1435 1034 1478 extremo
1056 1429 1312 1493 Caligula.
1334 1429 1523 1481 Senon.

542 1535 550 1546 .
613 1504 643 1567 ς
669 1506 730 1552 14
753 1504 964 1554 Senatus
992 1505 1204 1569 decreto]
1240 1505 1425 1556 Paullo
1451 1520 1603 1569 snpe-

547 1578 657 1628 rius
678 1581 955 1632 malueram
990 1581 1108 1632 civis
1139 1583 1352 1633 desidio.-
1385 1582 1523 1647 quod
1546 1582 1607 1633 li·

541 1655 672 1706 bido
692 1659 977 1709 incesserat
997 1666 1250 1710 *externos
1284 1661 1336 1710 in
1368 1662 1606 1710 militiam

543 1734 724 1799 {egere
748 1743 964 1798 propter
985 1736 1236 1786 desidiam
1260 1737 1467 1787 civium.
1486 1737 1606 1787 Vox

542 1811 688 1859 enim·
703 1825 769 1860 ea
790 1812 1038 1874 singulari
1060 1827 1271 1862 numero
1293 1812 1452 1862 etiam
1473 1812 1605 1861 mu!-

546 1886 821 1936 titndinem
839 1888 1091 1937 eontinet.
1136 1890 1321 1939 Sever.
1340 1887 1394 1939 iu
1415 1887 1606 1954 fragm.

542 1965 612 2015 de
628 1966 785 2015 Cicer
802 1981 818 2016 r
840 1967 857 1994 ⁸
875 1967 1108 2017 Abstulit
1126 1981 1225 2018 una
1243 1968 1352 2019 dies
1368 1968 1497 2019 civis
1513 1965 1602 2017 de·

543 2039 678 2091 eus.’
697 2043 871 2092 Amtz.

537 2117 544 2126 “
609 2118 758 2169 Forte
776 2120 917 2168 unius
930 2124 1065 2169 ortus
1093 2118 1258 2183 Epiri]
1289 2119 1375 2170 Sic
1397 2127 1604 2170 veteres

542 2194 699 2245 codd.
718 2194 860 2244 unde
882 2194 1023 2245 unias
1041 2195 1189 2245 cortis
1206 2195 1348 2258 Epiri
1369 2196 1604 2253 mintrio,

539 2285 657 2336 pro,
680 2270 908 2332 cohortis,
930 2274 1196 2323 tentabam
1217 2286 1234 2320 t
1268 2270 1493 2335 frustra3
1529 2274 1604 2323 le·

543 2348 768 2413 gendum
804 2350 941 2399 enim
961 2349 1097 2410 forte
1131 2366 1254 2401 unas
1283 2357 1415 2403 ortas
1442 2352 1604 2416 Epiri,

539 2439 642 2489 pro
676 2425 859 2489 Epir-02
889 2426 965 2477 sic
1000 2426 1136 2478 infra
1170 2429 1384 2486 Severo,
1418 2434 1433 2457 ⁸
1455 2436 1601 2478 ortua

536 2493 768 2553 'Medias’
803 2510 860 2553 et
894 2510 1043 2555 ‘orto
1071 2506 1240 2570 Syriae
1262 2503 1603 2554 Alexandro?

539 2579 681 2632 Quid
700 2581 742 2628 si
765 2581 1023 2632 Fortunias
1036 2596 1221 2632 nomen
1240 2582 1314 2631 ini
1336 2581 1599 2645 proprium

539 2654 736 2706 fuerit?
788 2672 944 2722 quem
987 2658 1263 2708 Suetonius
1306 2657 1602 2721 gregarium

453 2747 462 2761 *
537 2734 782 2796 militem,
813 2748 916 2782 nou
956 2735 1316 2783 centurionem
1353 2731 1501 2793 facit,
1545 2740 1601 2781 et

539 2818 758 2872 usurpat
777 2809 837 2859 τὸ
861 2809 998 2870 sorte
1020 2810 1240 2860 Claudio
1265 2825 1313 2859 c.
1350 2813 1433 2859 ⁷0.
1467 2808 1600 2857 libe-

539 2900 653 2935 rum
672 2886 928 2949 judicium
949 2885 1089 2937 facio
1110 2887 1335 2938 lectoris.
1366 2894 1380 2915 ·
1402 2887 1458 2936 Si
1484 2886 1600 2949 quis

538 2969 714 3012 tamen
748 2964 862 3014 haec
896 2978 1126 3029 quoque,
1164 2965 1208 3012 si
1240 2963 1356 3028 quis
1397 2964 1599 3026 Captus

539 3055 713 3090 amore
740 3040 920 3105 leget)
953 3041 1142 3091 Scitote.
1222 3040 1327 3091 Sed
1363 3041 1501 3089 huuc
1526 3041 1600 3089 io-

537 3131 657 3166 cum
692 3118 924 3180 pluribus
964 3119 1276 3181 conjecturis
1312 3117 1601 3181 suspeetio-

539 3206 647 3241 rem
673 3193 893 3243 reddere
908 3207 1011 3242 uon
1029 3193 1377 3242 necessarium
1392 3192 1599 3256 judico,

539 3283 657 3319 cum
691 3283 814 3318 vera
855 3270 924 3318 sit
964 3269 1122 3319 lectio
1143 3268 1279 3328 forte
1314 3282 1435 3316 anus
1466 3273 1601 3316 ortus

538 3342 703 3407 Epiri.
766 3344 856 3393 Sic
891 3344 1027 3392 euim
1060 3358 1185 3393 unus
1224 3357 1319 3405 pro
1347 3340 1601 3406 ‘aiiquis‚'

532 3418 809 3485 ‘quiderm’
829 3418 1088 3482 accipitur
1108 3417 1245 3481 apud
1280 3418 1472 3480 Sulpit.
1506 3417 1598 3466 Se·

536 3507 648 3544 ver.
670 3495 777 3543 Vit.
800 3494 964 3542 Mart.
987 3508 1105 3557 cap.
1127 3496 1220 3557 ἃς
1242 3498 1295 3544 2.
1332 3493 1350 3521 ‘
1369 3493 1543 3542 Unum
1567 3506 1598 3542 e

534 3570 735 3620 familia
777 3570 1037 3619 servulum
1079 3571 1262 3634 laqueo
1295 3568 1395 3619 sibi
1433 3568 1596 3620 vitam

538 3646 865 3698 extorsisse?
909 3646 998 3695 ubi
1028 3646 1371 3696 conferendus
1393 3646 1596 3695 Vorsti-

533 3735 614 3785 ns,
639 3725 827 3774 Donat.
851 3723 914 3773 ad
941 3724 1157 3773 Terent.
1182 3724 1346 3774 Andr.
1370 3737 1412 3772 1.
1439 3728 1488 3772 1.
1509 3726 1596 3774 91.

536 3808 593 3851 et
609 3801 842 3851 Prieaeus
857 3802 921 3850 ad
943 3802 1142 3866 Euang-
1154 3801 1394 3851 Matthaei
1407 3817 1456 3851 c.
1470 3814 1595 3850 vm.

534 3892 612 3928 vs.
634 3881 713 3926 19.
735 3892 851 3926 euru
874 3877 1166 3928 comment.
1192 3878 1258 3928 ad
1284 3879 1505 3927 Petron.
1544 3892 1593 3929 c.

533 3956 617 4003 26.
673 3953 816 4015 Epiri
853 3960 1028 4002 autem
1069 3953 1458 4003 constructione
1490 3967 1596 4002 non

529 4026 845 4093 infrequenti
872 4044 964 4091 pro
983 4044 1051 4077 ex
1076 4030 1254 4093 Epiro,
1271 4029 1339 4079 de
1364 4045 1466 4094 qua
1487 4031 1596 4078 Du-

535 4104 691 4153 kerus
728 4106 790 4154 ad
819 4106 1027 4154 Florum
1052 4119 1094 4154 1.
1118 4110 1198 4157 18.
1219 4109 1248 4171 ς
1290 4110 1365 4155 11.
1386 4115 1443 4155 et
1466 4107 1595 4156 Cor·

536 4180 642 4228 tius
672 4180 735 4228 ad
781 4180 996 4232 Sallust.
1039 4182 1162 4247 Jug.
1202 4197 1321 4248 cap.
1352 4189 1432 4234 15.
1479 4185 1507 4248 §
1546 4189 1593 4233 1.

536 4256 712 4307 Amtz.

1242 371 1458 422 ⁸0⁹1·AE
1504 369 1914 425 vammum
1964 375 2047 425 m

1758 515 1919 566 Rea·-
1969 514 2249 581 cuam]
2302 516 2452 583 Lego
2488 517 2743 572 merita.

1688 588 1786 640 Eat
1807 590 1945 640 enim
1976 591 2219 642 Tiberina
2255 591 2500 644 Claudius
2535 596 2747 646 Germa·

1686 667 1852 717 uicus.
1918 667 2088 717 Natus
2102 683 2269 732 error,
2283 669 2423 735 quod
2449 686 2745 735 praenomen

1686 741 1831 791 varie
1854 756 1952 791 una
1986 742 2217 795 alterare
2250 746 2402 796 litera
2436 746 2744 811 signaretur.

1685 816 1881 867 Mirum
1912 828 2089 868 tamen
2109 826 2167 869 et
2197 821 2249 870 in
2280 822 2507 885 vulgatis
2543 823 2747 889 quibua·

1685 892 1804 943 dam
1826 894 1970 944 libris
1988 895 2216 946 Victoria
2232 897 2565 961 suppositieii
2589 899 2748 948 Nun

1686 970 1939 1034 appellari
1961 973 2113 1022 male.
2178 973 2283 1023 Ms.
2303 988 2424 1023 mox
2440 975 2579 1037 putri
2595 975 2744 1025 Nera·

1682 1047 1760 1097 nis
1774 1062 1796 1105 ,-
1828 1049 2046 1098 restitue
2062 1051 2245 1112 putrui.
2279 1050 2488 1101 Schott.

1692 1146 1701 1156 ·
1747 1123 1971 1185 Deformi
2006 1124 2214 1190 latebra]
2249 1126 2388 1178 Quia
2422 1126 2662 1178 deforme
2693 1135 2747 1179 et

1684 1198 1850 1249 miuus
1873 1199 2116 1250 decorum
2144 1200 2411 1251 videretur
2439 1204 2630 1266 puerili
2660 1203 2747 1253 ad-

1683 1287 1749 1323 eo
1791 1283 1936 1324 metu
1981 1273 2139 1337 affici,
2191 1284 2252 1326 ut
2295 1291 2463 1326 eoeeas
2525 1278 2746 1330 latebras

1682 1358 1943 1416 quareret
1958 1367 1975 1401 ε
2013 1352 2098 1401 vei
2121 1351 2314 1416 potius,
2335 1352 2474 1416 qnod
2490 1361 2612 1416 post
2636 1355 2749 1403 vela

1684 1429 1872 1491 parieti
1897 1429 1980 1478 vel
2015 1427 2217 1480 foribus
2242 1427 2460 1492 praefixa
2485 1443 2592 1479 non
2617 1430 2746 1480 adeo

1683 1505 1906 1571 mundus
1929 1508 1999 1557 sit
2020 1507 2186 1564 loeus,
2219 1507 2343 1572 quin
2369 1507 2599 1570 plurimo
2638 1507 2746 1570 pul-

1680 1594 1808 1632 vere
1826 1582 2074 1643 sordeat3
2110 1579 2166 1634 et
2189 1584 2264 1633 sic
2293 1584 2476 1633 cellam
2498 1583 2745 1648 janitoris

1681 1658 1698 1688 ‘
1716 1658 2012 1722 pudendam
2034 1659 2287 1709 latebram
2305 1659 2320 1681 '
2344 1660 2580 1723 appellat
2599 1658 2745 1710 Taci-

1682 1742 1764 1785 tus
1788 1735 1931 1786 Hist.
1953 1749 2043 1785 ru.
2065 1739 2150 1785 85.
2175 1734 2355 1785 Amet.

1743 1812 1853 1876 §1⁶
1887 1812 2018 1868 Quia
2031 1825 2194 1862 vecors
2217 1815 2342 1873 erut,
2358 1809 2644 1860 mitissimus
2672 1810 2744 1859 vi·

1677 1887 1876 1938 debatur
1917 1886 2321 1952 imprudentibus]
2363 1888 2542 1935 Multa
2587 1901 2747 1951 super

1680 1965 1866 2015 talibus
1884 1963 2414 2028 interpretationibus
2433 1963 2743 2013 adduximus

1677 2040 1742 2089 ad
1766 2040 1868 2089 ista
1886 2039 2052 2089 Taciti
2074 2037 2142 2089 de
2163 2038 2342 2088 Galba
2359 2054 2375 2087 ι
2426 2041 2442 2066 ‘
2465 2038 2572 2087 Sed
2594 2037 2744 2088 clari-

1644 2123 1652 2140 ²
1678 2121 1760 2167 tas
1778 2118 2044 2176 nataiium.
2061 2122 2117 2166 et
2140 2123 2310 2166 metus
2334 2123 2631 2179 temporum
2654 2115 2746 2167 ob·

1681 2194 1868 2254 temni,
1892 2202 1950 2244 ut
1968 2193 2103 2259 quod
2126 2191 2352 2256 segnitia
2374 2199 2506 2253 erat,
2522 2191 2742 2257 .aapien-

1681 2272 1760 2320 tia
1782 2277 2058 2320 vocaretur
2075 2268 2111 2319 =’
2147 2268 2355 2319 Histor.
2378 2282 2420 2317 ι.
2440 2271 2532 2318 49.
2559 2269 2712 2321 Gnoe.

1684 2374 1695 2381 —
1743 2348 1774 2411 ς
1800 2350 1863 2395 17
1889 2347 2104 2396 Mittunt
2124 2360 2266 2411 ocyus
2285 2359 2453 2395 ausum
2473 2345 2741 2409 comprine-

1676 2424 1752 2488 rae]
1819 2425 1990 2486 Supra
2036 2437 2131 2486 pro
2183 2423 2335 2473 turboe
2385 2423 2741 2472 circumsistunt

1678 2501 1854 2551 mallet
1875 2500 2062 2565 aliquis
2091 2505 2279 2561 mma,
2299 2499 2390 2549 sed
2415 2500 2555 2548 male
2576 2514 2594 2562 ;
2627 2514 2741 2549 cnm

1675 2578 1827 2627 turba
1846 2579 2030 2643 plurali
2050 2592 2264 2627 numero
2278 2591 2482 2642 quoqne
2500 2592 2600 2642 pro
2617 2578 2741 2627 mul·

1677 2655 1900 2705 titudine
1932 2655 2194 2704 hominum
2231 2662 2486 2717 sumatur,
2509 2662 2570 2705 ut
2603 2654 2739 2718 apud

1676 2731 1867 2794 Suipit.
1883 2731 2007 2780 Sev.
2032 2732 2081 2778 in
2101 2731 2229 2779 Vita
2253 2730 2414 2779 Mart.
2433 2744 2554 2795 cap.
2574 2735 2624 2780 8.
2646 2732 2740 2795 ξπ.

1671 2808 2038 2872 ‘Exclusisque
2053 2806 2290 2857 omnibus
2310 2808 2478 2856 turbis
2496 2806 2533 2857 ε’
2555 2817 2614 2857 et
2631 2822 2676 2857 e.
2690 2812 2737 2857 9.

1673 2886 1703 2949 §
1726 2889 1775 2934 2.
1795 2886 1810 2913 ⁸
1830 2884 2115 2947 Dispositis
2128 2882 2243 2948 jam
2260 2884 2310 2932 in
2333 2884 2524 2932 itinere
2549 2884 2738 2934 civium

1676 2960 1881 3011 turbis.'
1897 2962 2072 3011 Aratz.

1737 3036 1767 3099 ς
1793 3039 1855 3086 18
1886 3036 2070 3086 Vacuus
2088 3051 2120 3085 u
2139 3035 2340 3096 fortuna
2356 3049 2608 3099 cessosque
2624 3033 2740 3099 esse]

1675 3112 1738 3162 Id
1761 3121 1861 3171 est,
1876 3119 2088 3163 conatus
2111 3114 2392 3175 hominum,
2410 3112 2452 3160 si
2473 3127 2505 3161 a
2527 3111 2739 3163 fortuna

1674 3191 2045 3254 destituantur,
2062 3191 2215 3254 plane
2240 3203 2428 3238 vacuos
2466 3197 2525 3238 et
2562 3191 2735 3239 irritos

1674 3283 1820 3318 esse:
1854 3283 2100 3332 russosque
2141 3282 2281 3332 ergo,
2309 3266 2361 3315 id
2398 3273 2501 3323 est,
2543 3267 2734 3317 ‘etiam

1673 3359 1846 3396 cassos
1867 3354 1924 3395 et
1947 3360 2136 3395 vacuos
2159 3341 2318 3395 esse.’
2362 3343 2558 3392 Allusit
2581 3344 2734 3393 etiam

1673 3423 1739 3472 ad
1770 3422 1983 3472 mimum
2025 3421 2201 3470 Publii
2241 3421 2401 3486 Syri:
2459 3427 2473 3448 ·
2506 3419 2735 3470 Fortuna

1673 3499 1810 3548 uude
1845 3498 2039 3562 aliquid
2072 3497 2232 3562 fregit
2266 3495 2509 3545 cassum!
2574 3497 2733 3559 Cujus

1670 3589 1755 3624 me
1778 3575 1897 3625 Pet.
1920 3574 2156 3624 Pithoeus
2179 3574 2462 3622 admonuit.
2494 3572 2733 3623 Semta.

1671 3651 1795 3700 Meo
1834 3651 2003 3699 animo
2027 3648 2150 3698 iilud
2175 3663 2262 3712 qua
2292 3655 2443 3697 notat
2463 3655 2480 3677 ‘
2498 3651 2735 3714 quoque:

1670 3733 1730 3776 ut
1775 3727 1903 3778 velit
1945 3727 2129 3776 auctor
2171 3727 2424 3790 quidquid
2481 3732 2732 3775 conantur

1669 3803 1938 3866 mortales,
1972 3803 2079 3851 nisi·
2092 3809 2148 3851 et
2170 3802 2485 3866 adjuventur
2509 3817 2541 3851 a
2574 3801 2733 3852 fortu-

1669 3893 1758 3940 na,
1779 3893 1979 3929 cassum
2014 3892 2217 3945 quoqne
2248 3893 2364 3928 esse
2405 3878 2729 3944 irritumque.

1670 3956 1760 4006 Sic
1784 3965 2061 4020 usurpatur
2093 3962 2146 4004 et
2168 3954 2315 4003 Livio
2338 3968 2478 4005 xnu.
2506 3961 2557 4004 5.
2597 3956 2729 4004 ‘Per

1669 4033 1892 4082 eundern
1950 4032 2177 4096 Appium
2232 4031 2522 4095 eodemque
2578 4030 2728 4080 modo

1669 4109 1971 4171 compositae
2002 4110 2056 4157 in
2091 4107 2362 4157 Perroebia
2395 4122 2476 4158 res
2495 4108 2531 4157 :'
2566 4119 2727 4172 nequa

1668 4186 1825 4235 aliter
1861 4184 2061 4235 Piinius
2106 4184 2274 4248 Epist.
2311 4198 2391 4232 tv.
2422 4188 2506 4233 19.
2542 4184 2636 4233 sub
2669 4179 2726 4231 fi·

1667 4277 1785 4314 nem
1809 4277 1823 4313 :
1860 4263 1875 4290 ‘
1891 4263 2028 4314 Nam
2051 4274 2168 4313 cum
2190 4269 2409 4312 matrem
2448 4275 2614 4312 meam
2636 4273 2722 4325 pa·
