3025 4934
560 371 694 437 694

560 531 756 583 Justin.
779 528 867 579 lib.
886 541 1029 580 xmt.
1060 528 1374 580 Plutarchus
1395 535 1449 579 et
1473 529 1623 580 Cice·

562 621 622 655 ro
657 606 827 669 Epist.
856 604 920 653 ad
944 604 1113 654 Attic.
1148 619 1205 653 v.
1232 609 1314 655 20.
1349 614 1405 655 et
1438 605 1503 654 ad
1527 607 1626 655 Fa-

563 680 672 729 mii.
707 680 878 742 Epist.
911 692 977 729 ιι.
1016 682 1093 727 lo.
1128 689 1181 728 et
1212 680 1498 744 Philippic.
1535 681 1624 730 lib.

564 767 629 805 ιι.
696 754 759 802 lu
783 754 911 803 Mss.
945 753 1159 818 bysacen
1183 756 1429 817 seriptum
1452 755 1628 804 inveni

563 838 619 880 et
632 830 870 895 Syracu:
894 843 1048 893 quem
1066 845 1165 880 non
1183 845 1422 894 agnosco.
1454 831 1627 881 Schot-

563 914 656 959 tus.
690 909 821 961 Qun
846 907 1241 970 parenthesibus
1265 909 1463 958 inclusa
1486 916 1627 972 sunt,

564 988 619 1035 in
644 985 891 1034 addendis
913 985 1073 1034 deleri
1109 986 1341 1049 jusserat
1362 988 1442 1035 vir
1476 985 1626 1035 erud.

562 1062 653 1113 sed
680 1075 797 1111 cum
817 1076 847 1109 a
870 1063 1205 1126 sequentibus
1229 1060 1518 1111 editoribus
1549 1070 1626 1112 ta-

562 1152 682 1189 men
707 1145 921 1199 recepta
943 1139 1069 1201 sint,
1086 1145 1143 1189 et
1165 1139 1249 1188 bic
1270 1138 1493 1203 exprimi
1516 1152 1625 1188 sum

563 1228 766 1278 passus.
803 1214 981 1264 Arnts.

628 1292 707 1355 §8
741 1289 984 1354 Syriacis]
1018 1290 1267 1341 Horatius
1311 1290 1417 1340 od.
1456 1305 1497 1341 1.
1542 1295 1625 1341 81.

560 1368 761 1418 ‘Dives
793 1375 851 1418 et
883 1368 1053 1416 aureis
1090 1368 1359 1418 Mercator
1381 1368 1628 1419 exsiccet

564 1445 769 1495 cnlullis
794 1445 933 1494 Vina
968 1446 1103 1508 Syra
1136 1453 1382 1508 reparata
1415 1445 1629 1495 merce!

562 1522 734 1571 Fuere
755 1528 929 1571 autem
949 1521 1068 1585 Syri
1091 1531 1424 1571 mercatores.
1481 1522 1628 1571 Stra-

547 1597 646 1655 bo,
670 1599 816 1650 Mela
852 1611 892 1648 ι.
931 1602 1012 1648 12.
1059 1598 1255 1648 Ezecb.
1277 1611 1465 1647 xxvu.
1498 1598 1627 1661 ‘Sy-

564 1688 652 1723 rus
689 1675 983 1736 negotiator
1006 1678 1158 1723 tuus)
1223 1675 1290 1723 D.
1314 1676 1535 1725 Hieron.
1559 1676 1625 1724 E·

563 1752 686 1812 pist.
732 1750 796 1799 ad
842 1750 1235 1800 Demetriadem
1265 1750 1628 1801 ‘avidissimos

563 1828 876 1898 mortalium,
893 1827 1084 1891 Syros'
1119 1837 1290 1878 vocat.
1356 1830 1426 1877 Et
1463 1829 1628 1877 Salvi·

565 1917 695 1953 anus
718 1904 785 1952 de
805 1904 943 1952 Vero
962 1903 1190 1960 Judicio,
1212 1905 1304 1954 lib.
1327 1918 1405 1954 tv.
1436 1912 1451 1935 ⁸
1470 1919 1628 1967 nego-

564 1983 808 2031 tiatorum
835 1990 891 2029 et
905 1982 1154 2045 Syrorum
1176 1984 1332 2032 vitam
1348 1984 1472 2032 nibil
1488 1984 1627 2033 aliud

564 2071 681 2106 esse
701 2057 714 2079 '
749 2060 840 2113 ait,
871 2058 1056 2123 ‘quam
1095 2060 1488 2110 meditationem
1524 2060 1629 2110 doli

564 2146 620 2186 et
642 2136 881 2187 trituram
904 2138 1196 2188 mendacii.’
1230 2139 1415 2189 Schott.

633 2213 868 2276 Garyota]
903 2214 1072 2262 Varro
1098 2214 1165 2262 de
1201 2215 1279 2264 Re
1312 2214 1463 2263 Rnst.
1487 2226 1553 2262 ιι.
1576 2218 1627 2263 1.

564 2299 699 2339 extr.
750 2298 764 2319 ‘
786 2292 905 2340 Non
931 2292 1077 2340 scitis
1101 2292 1349 2354 palmulas
1374 2293 1628 2355 caryotas

562 2367 712 2430 Syrio
738 2381 923 2429 parere
961 2367 1011 2415 in
1035 2367 1240 2428 Jndaea‚
1271 2368 1321 2416 in
1346 2368 1503 2417 Italia
1526 2383 1628 2418 nou

565 2455 720 2505 posse
742 2440 777 2488 ?'
823 2442 902 2491 De
941 2443 1179 2507 Caryotis
1221 2458 1361 2507 sepe
1406 2444 1628 2506 Plinius,

563 2518 904 2580 meminitque
925 2518 1115 2568 Strabo
1140 2519 1338 2582 Geogr.
1377 2519 1467 2569 lib.
1489 2533 1633 2569 xvn.

563 2592 757 2644 Senon.
826 2596 1037 2644 Car-uota
1067 2610 1157 2645 seu
1183 2598 1394 2661 Garyota
1421 2597 1631 2660 proprie

565 2674 719 2719 sonat
731 2685 870 2732 eum,
885 2673 973 2735 qui
992 2672 1230 2736 caryotis
1255 2673 1490 2735 palmulis
1506 2687 1630 2736 neg·

564 2747 782 2807 otiatur,
810 2763 1022 2812 quarum
1061 2751 1401 2812 palmularum
1438 2752 1632 2800 mentio

566 2824 706 2888 apud
729 2824 1087 2878 Dioscoridem
1118 2840 1160 2874 ι.
1195 2831 1307 2876 149.
1343 2835 1399 2877 et
1419 2826 1631 2876 Aetium

565 2913 634 2949 ιι.
669 2904 750 2949 30.
792 2914 889 2950 uec
924 2916 1024 2950 non
1067 2902 1203 2964 opud
1242 2904 1530 2951 Varronem
1565 2904 1631 2954 de

571 2977 648 3025 Re
664 2976 817 3026 Rust.
842 2989 905 3025 ιι.
931 2982 978 3026 1.
1001 2984 1056 3026 et
1080 2978 1216 3042 apud
1241 2978 1468 3029 Plinium
1492 2993 1631 3028 eom-

566 3052 803 3114 piuribns
842 3053 896 3102 iu
936 3053 1082 3102 locis.
1148 3054 1312 3103 Simili
1350 3061 1631 3104 scommate

569 3127 926 3189 Vespasianus
963 3130 1029 3178 ab
1059 3128 1426 3178 Alexandrinis
1464 3131 1632 3179 dictus

474 3238 478 3244 ‚
569 3212 653 3253 est
675 3204 1022 3266 Κνβιοσόκτης,
1045 3213 1105 3254 nt
1128 3206 1179 3253 in
1204 3206 1315 3268 ejtts
1341 3207 1448 3255 vita
1472 3208 1634 3257 tradit

570 3279 848 3329 Suetonius
871 3296 987 3343 cap.
1013 3285 1092 3330 19.
1126 3281 1262 3345 Sylb.
1328 3283 1399 3332 Et
1424 3284 1503 3332 vir
1524 3292 1631 3334 stn-

569 3355 754 3417 pendae
796 3356 1035 3405 iectionis
1067 3357 1343 3406 Salmasius
1387 3359 1454 3407 nd
1498 3360 1632 3410 Soli·

570 3445 692 3480 num
717 3448 770 3493 p·
788 3436 907 3481 927.
939 3431 1115 3480 Arntz.

647 3503 772 3555 Gom
811 3508 1007 3555 eandem
1044 3508 1320 3571 fortunam]
1376 3511 1503 3562 Mox
1542 3526 1634 3575 pro

569 3570 798 3646 Ponam-‘o
816 3583 995 3631 melius
1009 3584 1229 3636 Pindaro
1245 3586 1633 3637 restituitVoss.

572 3658 640 3710 ad
668 3659 803 3708 Veli.
826 3660 1039 3709 Patere.
1062 3673 1124 3711 ιι.
1145 3665 1226 3710 70.
1257 3664 1355 3725 §2
1390 3667 1567 3713 Armis.

579 3771 586 3776 ,
635 3736 774 3786 CAP.
798 3749 1034 3785 mxxxiv.
1087 3737 1169 3800 §2
1205 3738 1422 3801 Neptuni
1455 3739 1632 3804 seffli-

572 3813 679 3877 um]
721 3812 874 3862 Unde
897 3821 953 3862 et
976 3813 1274 3876 Neptunius
1308 3814 1375 3863 ab
1411 3815 1633 3865 Horatio

573 3889 766 3940 dicitur
806 3903 899 3952 per
926 3889 1167 3942 derisum.
1198 3889 1362 3941 Anno.
1427 3891 1498 3940 Et
1521 3893 1631 3941 Da-

569 3981 682 4017 eer.
719 3967 786 4015 ad
826 3966 1010 4015 Horat.
1036 3966 1206 4030 Epod.
1232 3981 1314 4017 rx.
1335 3972 1386 4016 7.
1453 3971 1633 4021 Quare

572 4042 884 4093 crediderim
920 4056 1201 4104 nummum,
1235 4058 1389 4107 quem
1428 4044 1632 4095 Haver·

573 4133 787 4182 campus
831 4117 898 4166 ad
941 4117 1301 4168 illustrandum
1344 4119 1631 4185 Jos‘ephum

575 4195 781 4255 adtulit,
820 4208 1076 4259 quemque
1123 4195 1201 4243 vir
1235 4195 1417 4245 harum
1461 4210 1633 4247 rernm

574 4270 918 4337 peritissimus
937 4270 1003 4319 de
1028 4271 1127 4323 Ca.
1144 4271 1399 4338 Pompeio
1415 4274 1636 4339 exponit

1254 387 1474 435 No'rAE
1526 341 1928 435 truttmunt
1978 389 2062 437 IN

1700 530 1809 579 tab.
1832 545 1871 581 1.
1909 545 2049 581 num.
2076 533 2157 580 16.
2193 532 2364 595 potius
2403 533 2662 596 pertinere
2684 534 2744 585 ad

1699 608 1909 657 Sextum
1956 608 2279 672 Pompeium,
2322 623 2437 658 cum
2483 610 2533 659 in
2575 612 2659 659 illo
2697 619 2750 661 et

1700 685 1899 733 tridens
1944 685 2178 747 Neptuni
2222 693 2278 734 et
2321 683 2601 749 delphinus
2637 701 2752 735 con-

1699 761 1969 824 spiciatur,
2002 770 2056 811 et
2088 762 2357 825 Nasidius,
2392 763 2539 826 cnjus
2574 778 2752 812 nomen

1700 838 1765 886 ab
1802 839 1968 887 altera
2000 844 2150 902 parte
2188 838 2399 902 legitur,
2435 840 2585 890 classi
2614 842 2757 891 Sext.

1701 914 1940 975 Pompeii
1973 911 2260 975 proefnerit.
2293 915 2470 964 Arutz.

1770 990 1989 1054 Carinis]
2021 989 2104 1040 Ad
2128 992 2350 1041 Telluris
2374 993 2564 1050 edem,
2586 994 2638 1043 in
2664 1010 2758 1057 qua

1702 1066 1911 1127 regione
1951 1067 2319 1129 Pompeiorum
2356 1068 2561 1117 domus.
2640 1069 2762 1119 Sue-

1702 1143 1875 1191 tonius
1899 1143 1965 1192 de
1991 1143 2181 1193 Lenaeo
2205 1149 2550 1207 grammatico
2568 1162 2584 1195 ε
2620 1153 2635 1176 ·
2661 1147 2762 1195 Do·

1701 1216 1813 1268 enit
1856 1216 1910 1265 in
1947 1219 2149 1268 Carinis
2188 1218 2254 1268 ad
2292 1219 2538 1276 Telluris.
2574 1221 2628 1269 in
2667 1235 2765 1283 qna

1702 1294 1910 1356 regione
1947 1294 2314 1357 Pompeiorum
2348 1294 2533 1345 domus
2562 1294 2770 1345 fuerat-³

1701 1369 1787 1419 Sic
1806 1370 1939 1418 enim
1960 1371 2334 1420 emendandum
2358 1386 2566 1422 censeo.
2581 1372 2764 1422 Sohar.

1700 1444 1860 1496 Jocus
1881 1446 2031 1494 Sexti
2052 1447 2286 1509 Pompeii
2309 1447 2374 1496 de
2392 1447 2582 1496 carinis
2607 1447 2765 1499 refer·

1703 1531 1790 1572 tur
1812 1522 1971 1571 etism
1995 1537 2026 1571 a
2046 1523 2251 1572 Velleio
2284 1536 2345 1572 ιι.
2386 1528 2471 1573 77.
2550 1524 2765 1574 Sueten.

1703 1598 1757 1647 in
1795 1598 1929 1647 libro
1964 1598 2031 1648 de
2059 1598 2359 1648 Illustribns
2394 1599 2765 1650 Grammaticis

1702 1675 2067 1739 Pompeiorum
2092 1676 2296 1725 domum
2325 1675 2485 1726 fuisse
2510 1678 2696 1727 scribit
2716 1678 2765 1730 in

1704 1749 1925 1814 Carinis,
1950 1752 2012 1800 ad
2039 1752 2203 1801 oedem
2224 1753 2467 1803 Telluris.
2501 1753 2643 1816 Syll».

1770 1827 1932 1890 Rupto
1952 1843 2040 1891 per
2061 1831 2257 1878 eundem
2277 1828 2568 1890 Antonium]
2605 1829 2766 1879 Anto·

1702 1904 1816 1952 nius
1852 1906 1905 1954 in
1946 1906 2042 1954 bac
2079 1920 2250 1969 pugna
2273 1904 2461 1955 afuisse
2486 1906 2695 1962 dicitnr,
2716 1912 2766 1955 et

1703 1981 1754 2027 in
1794 1981 1923 2029 Asia
1957 1996 2057 2030 non
2100 1981 2280 2044 procul
2319 1981 2487 2030 laesbo
2524 1982 2771 2033 adversus

1704 2057 1889 2106 Medos
1913 2071 2020 2105 rem
2044 2058 2176 2107 male
2200 2059 2450 2121 gessissez
2486 2071 2654 2122 quare
2689 2072 2764 2106 sn-

1704 2132 1881 2194 spicor
1919 2132 2193 2196 legendum
2229 2135 2424 2182 eundem
2461 2134 2768 2197 Pompeium

1703 2223 1820 2257 nom
1847 2210 1935 2259 ilie
1958 2209 2243 2260 latrociniis
2278 2225 2452 2259 rursus
2474 2225 2624 2259 mare
2648 2226 2764 2259 vex·

1703 2294 1839 2342 arat,
1883 2301 1982 2337 nec
2025 2302 2225 2351 pacem,
2272 2301 2426 2352 qnam
2466 2294 2764 2349 acceperat,

1706 2363 2006 2425 praestabat.
2073 2363 2212 2413 Vide
2252 2363 2405 2413 Oros.
2443 2377 2525 2413 vr.
2553 2367 2636 2413 18.
2670 2366 2764 2415 Le·

1706 2438 1931 2502 gendum
1983 2447 2128 2502 puto,
2179 2441 2195 2467 ‘
2224 2439 2527 2504 Continuo,’
2581 2442 2764 2504 inquit.

1705 2518 1721 2544 ⁴
1746 2529 1861 2564 cum
1885 2524 2068 2565 contra
2096 2524 2304 2578 pactum
2328 2517 2611 2578 Pompeius
2635 2516 2767 2580 fngi-

1704 2594 1836 2642 tivos
1860 2594 2151 2657 adlegeret,
2167 2603 2221 2644 et
2238 2594 2397 2644 bostis
2421 2594 2632 2643 habitus
2655 2591 2766 2644 est·’

1705 2669 1895 2718 Sabou.
1944 2669 2129 2718 Potius
2146 2669 2483 2718 existimarim
2504 2670 2767 2719 Antonium

1704 2759 1737 2793 ιι
1775 2745 2072 2806 glossatoris
2107 2761 2261 2796 manu
2301 2746 2683 2809 interrepsisse,
2717 2752 2769 2796 et

1704 2823 1904 2870 eundem
1945 2819 2270 2871 referendum
2319 2821 2383 2870 ad
2420 2822 2770 2884 ,Pompeium3

1706 2910 1876 2958 neque
1915 2903 2025 2945 tum
2070 2895 2346 2961 quidquam
2396 2896 2555 2945 debet
2609 2896 2771 2946 offen·

1705 2972 2029 3037 dere‚,qnod
2072 2982 2324 3037 sequatur
2358 2972 2373 2998 ‘
2400 2972 2633 3030 Sextus‚'
2656 2988 2775 3023 cum

1707 3051 1840 3099 teies
1871 3050 2286 3102 constructiones
2323 3062 2472 3098 novae
2507 3063 2615 3100 non
2651 3049 2771 3098 sint.

1707 3127 1771 3178 In
1797 3126 2050 3190 prioribus
2081 3125 2203 3175 edd.
2238 3125 2544 3186 conjectura
2568 3126 2770 3175 Schotti

1706 3202 1823 3251 hoec
1879 3201 2173 3265 legebatur,
2228 3201 2390 3264 Rapio
2435 3216 2524 3264 per
2575 3205 2771 3253 eunden

1706 3278 1986 3342 Pompeium
2007 3278 2214 3339 sedere,
2246 3278 2308 3326 ob
2341 3276 2585 3339 Augusto.
2667 3280 2769 3329 Sed

1704 3363 1889 3406 contra
1912 3363 2140 3404 mentem
2182 3353 2277 3402 viri
2308 3354 2512 3417 optimi,
2538 3356 2628 3417 qui
2668 3365 2768 3404 tres

1707 3431 1915 3480 ultimas
1962 3445 2116 3479 voces
2161 3430 2390 3493 expungi
2436 3430 2679 3494 jusserat
2718 3434 2769 3481 in

1707 3505 1848 3560 Add.
1912 3506 2105 3555 Tamen
2151 3506 2386 3568 vulgatas
2432 3506 2589 3558 editt.
2628 3523 2768 3559 secu·

1710 3590 1795 3632 tus
1828 3592 1911 3633 eat
1946 3583 2220 3636 Hesseiins
2260 3582 2327 3632 ad
2363 3582 2579 3639 Vibium
2616 3589 2768 3649 90⁷5.

1708 3661 1885 3710 Armes.

1774 3736 1911 3785 Car.
1930 3748 2142 3788 Lxxxv.
2176 3737 2204 3799 ξ
2226 3739 2252 3784 1
2277 3736 2643 3802 Lupercalibus]
2658 3736 2768 3788 Hoc

1708 3819 1808 3875 est,
1837 3824 1930 3860 xv.
1951 3812 2074 3880 Kal,
2094 3812 2294 3862 Martii.
2329 3813 2521 3863 Sekou-
2624 3855 2629 3862 .

1772 3888 2005 3952 Inponene
2026 3886 2255 3950 tentavit]
2285 3888 2355 3937 Et
2373 3890 2624 3952 imposuit
2647 3906 2768 3946 nnus

1708 3978 1740 4013 e
1763 3963 2010 4027 Lupercis
2033 3961 2310 4013 Antonius.
2377 3965 2557 4014 Caesar
2580 3983 2704 4017 vero
2720 3968 2768 4017 ia

1684 4035 2122 4104 'sella‘reposnitz
2155 4041 2293 4105 qnod
2318 4040 2635 4095 invidiosum
2657 4045 2770 4109 fnit,

1709 4128 1968 4183 tamqnam
2014 4133 2231 4182 regnum
2276 4118 2556 4171 affectaret
2571 4140 2607 4182 ς·
2629 4124 2767 4175 ‚unde

1706 4198 1787 4248 M.
1809 4196 2041 4248 AEmilius
2075 4198 2304 4260 Lepidus
2340 4213 2396 4248 se
2420 4203 2675 4254 avertisse
2695 4204 2765 4252 di·

1708 4273 1868 4336 citur,
1896 4279 1960 4324 et
1988 4272 2271 4356 displicere
2306 4274 2407 4327 sibi
2443 4278 2766 4337 servitutem.
