3025 4934
493 380 625 450 586

558 540 827 607 Syracusa]
852 540 1164 607 Metropolis
1189 543 1411 602 Siciliae.
1432 545 1555 595 urbs

496 618 706 684 quidem
731 618 1074 670 amoenissima
1093 620 1320 671 exstitit.
1342 621 1507 670 Macra.

565 694 890 744 Fidelissimus
915 694 1050 759 suit]
1109 694 1241 746 Haec
1283 694 1558 747 confirmat

495 771 682 821 Florus
718 777 774 820 et
814 771 1062 833 Polybius
1095 772 1342 822 Hieronis
1375 773 1556 824 exitnt

494 849 569 897 ita
593 848 802 897 taudem
828 862 952 897 vero
975 863 1075 912 pax
1114 849 1333 899 Hieroni
1358 849 1420 899 iis
1451 849 1558 899 fer-

495 938 579 973 me
612 923 1005 974 conditionibus
1036 923 1158 974 data
1205 934 1307 987 est,
1341 933 1396 976 et
1437 932 1560 990 post

495 1014 611 1049 eam
637 1015 818 1063 pacem
848 1000 1012 1050 Hiero
1049 1001 1101 1050 iu
1127 1003 1305 1066 populi
1338 1003 1557 1056 Romani

496 1078 667 1125 tutela
690 1091 851 1140 usque
881 1076 948 1126 ad
972 1065 1128 1126 fine‘m
1155 1079 1458 1141 permansit,
1480 1077 1558 1128 fe·

498 1151 571 1202 lix
606 1153 836 1201 omniurn
868 1152 1192 1211 Graecornm,
1238 1153 1560 1205 fortunatus·

493 1242 597 1294 que
620 1228 873 1292 regnavit.
907 1227 1071 1279 Maeli.

562 1306 699 1358 Car.
723 1309 1028 1372 xxxvia&
1054 1311 1082 1355 1
1117 1305 1338 1370 Duillas]
1372 1307 1561 1358 Lucius

495 1382 682 1432 Florus
714 1382 847 1430 libro
885 1382 1091 1433 decimo
1126 1384 1348 1444 septimo
1379 1383 1451 1432 ita
1482 1384 1560 1432 in-

494 1458 593 1508 fit:
628 1459 899 1509 ‘Duellius
936 1460 1112 1509 consul
1148 1459 1392 1509 adversus
1430 1461 1562 1509 clas·

498 1549 604 1585 sem
663 1535 950 1590 Poeuorum
996 1547 1246 1600 prospere
1289 1538 1564 1600 pugnavit,

500 1611 799 1674 primusque
825 1612 1050 1661 omnium
1086 1612 1435 1662 Romanorum
1469 1612 1564 1661 du·

500 1699 620 1735 cum
664 1686 858 1736 navalis
899 1687 1133 1736 victorioe
1181 1686 1336 1736 duxit
1388 1686 1565 1736 trium·

498 1762 677 1830 phurn.
745 1762 831 1812 Ob
863 1776 1014 1827 quam
1047 1776 1255 1812 causam
1292 1763 1342 1810 ei
1377 1776 1571 1825 perpe·

500 1844 620 1888 tuus
646 1839 810 1889 honor
830 1837 1038 1889 habitus
1072 1844 1172 1897 est,
1195 1845 1255 1888 ut
1277 1838 1566 1890 revertenti

498 1929 532 1965 a
553 1930 704 1966 coena
727 1916 967 1966 tibicines
1001 1924 1268 1977 canerent
1303 1924 1359 1983 et
1388 1914 1568 1966 funale

499 1987 860 2056 praeferretur.
881 1991 898 2014 ³
947 1994 1174 2042 Maenas.
1240 1992 1323 2041 De
1359 1992 1566 2042 nomine

412 2131 425 2141 χ
499 2083 703 2119 rursum
728 2069 1104 2127 disserendum,
1122 2069 1330 2120 tametsi
1353 2068 1566 2134 quidam

499 2145 694 2214 stol-ide
727 2145 842 2194 hoec
877 2146 1102 2209 rideant,
1135 2151 1228 2195 aut
1259 2159 1567 2209 supervaca-

500 2234 605 2270 nea
631 2220 861 2284 jactent,
893 2221 1125 2270 homiues
1165 2220 1346 2270 nescio
1381 2219 1567 2284 quibus

501 2296 763 2359 occupati.
828 2295 998 2345 Video
1021 2297 1197 2361 itaque
1213 2310 1329 2345 cum
1347 2296 1585 2347 Leruoeo·

487 2372 657 2434 ‚angui
681 2386 790 2420 rem
812 2385 949 2432 esse,
972 2377 1031 2421 ιιι
1053 2371 1293 2436 Herculi,
1317 2372 1455 2436 quod
1483 2386 1569 2422 re·

504 2453 655 2498 secto
689 2462 791 2496 uno
815 2449 1036 2497 alterum
1067 2448 1306 2497 mendum
1341 2449 1569 2512 repullu-

499 2525 599 2575 let.
670 2526 764 2574 Cu.
790 2525 1033 2574 Duellium
1049 2525 1135 2589 qui
1162 2530 1371 2588 vocant,
1385 2532 1571 2575 contra

503 2600 778 2663 librorum,
846 2599 1124 2663 Lepidum,
1191 2597 1570 2664 Fastorumque

506 2678 857 2743 Romanorum
897 2674 1050 2725 fidem
1094 2674 1315 2728 faciunt.
1380 2677 1571 2726 Duillio

505 2753 747 2803 scribunt
781 2751 934 2802 codd.
971 2751 1278 2816 Autverpiae
1319 2754 1441 2803 olim
1480 2737 1570 2803 ex·

506 2829 640 2891 cusi,
671 2828 884 2893 propius
923 2830 1217 2878 veritatem.
1284 2829 1572 2891 Parisinus,

504 2906 681 2955 nescio
702 2905 1053 2971 quamobrem,
1092 2904 1259 2955 Duillo
1279 2906 1445 2956 tribus
1468 2907 1572 2969 syl-

507 2983 662 3046 labis,
682 2983 846 3047 idque,
877 2988 1155 3047 perpetuo,
1178 2991 1236 3033 ut
1259 2996 1361 3032 uon
1384 2995 1574 3045 opera·

507 3060 830 3123 rum'iujuria
850 3058 1103 3109 accidisse
1126 3067 1325 3122 putem.
1387 3057 1573 3108 Scribe

511 3138 575 3187 C.
601 3137 801 3186 Duilius
834 3137 1058 3201 simplici
1095 3137 1321 3198 lambda,
1348 3148 1574 3201 sequens

510 3214 833 3277 Capitolinos
859 3214 975 3263 illos
1000 3214 1190 3263 Fastos
1217 3214 1394 3264 Romae
1428 3227 1575 3275 mag-

507 3304 577 3339 no
611 3290 940 3354 antiquitatis
974 3290 1402 3353 historiarumque
1435 3290 1573 3339 bono

511 3371 782 3430 repertos:
817 3374 871 3414 et
893 3365 1015 3415 Pet.
1038 3365 1338 3415 ciaconium
1361 3366 1574 3416 Toleta-

509 3455 653 3503 uum‚
696 3440 832 3490 uotis
879 3440 945 3488 ad
984 3440 1286 3489 Rostratam
1323 3440 1382 3488 G.
1410 3436 1587 3491 Βιιίῑιῖ4

511 3518 805 3568 columnam
822 3531 936 3582 quoe
960 3516 1013 3565 in
1036 3516 1295 3582 Capitolio
1316 3516 1575 3583 hodieque

509 3600 805 3656 spectatur,
837 3600 894 3643 et
927 3593 993 3643 ab
1026 3594 1116 3643 illo
1147 3593 1439 3644 instaurata
1471 3603 1575 3644 est.

512 3669 1091 3734 Schott.Scriptu1-am
1134 3670 1402 3719 Columuoe
1443 3671 1576 3721 Ros·

512 3755 669 3796 tratae
692 3746 959 3796 nobiscum
984 3746 1143 3795 etiam
1182 3748 1577 3810 amplectuntur

513 3822 692 3886 Sigon.
739 3821 805 3871 ad
848 3821 960 3871 Liv,
1003 3835 1067 3872 ιι.
1107 3826 1190 3872 68.
1227 3830 1284 3872 et
1326 3837 1452 3874 vm.
1498 3827 1579 3874 16.

512 3896 729 3960 Pighius
750 3895 887 3946 Anu.
909 3904 1033 3945 tom.
1054 3910 1114 3946 ιι.
1137 3911 1189 3961 p.
1205 3902 1287 3948 21.
1305 3899 1482 3949 Ursin.
1506 3897 1575 3947 ad

516 3974 690 4024 Cicer.
724 3987 819 4037 pro
855 3973 1074 4022 Plancio
1108 3988 1159 4024 c.
1192 3979 1276 4024 26.
1306 3974 1578 4024 Drakenb.

513 4049 582 4099 ad
615 4039 794 4099 Silium
832 4062 910 4098 vr.
929 4052 1049 4099 666.
1113 4049 1269 4100 Adde
1302 4051 1475 4100 Coler.
1507 4049 1574 4099 ad

513 4126 695 4180 ‚Valer-
715 4126 862 4175 Max.
896 4139 987 4175 ιιι.
1010 4131 1059 4177 6.
1081 4141 1166 4177 ex.
1198 4129 1250 4176 4.
1282 4126 1483 4175 Duker.
1508 4126 1576 4175 ad

515 4204 658 4256 Flor.
676 4217 740 4253 u.
759 4208 810 4253 2.
829 4205 856 4267 §
879 4207 932 4254 7.
951 4210 1007 4252 et
1029 4203 1241 4253 Hearue
1265 4202 1331 4251 ad
1351 4203 1576 4265 Eutrop.

516 4295 557 4332 1.
575 4285 658 4336 26.
713 4280 776 4330 Ῑιι
799 4280 1023 4346 quinque
1048 4280 1210 4330 etiam
1231 4279 1358 4330 Mss.
1377 4287 1432 4330 et
1455 4278 1580 4330 edd.

1186 401 1232 450 N
1246 399 1407 451 01·AE
1456 395 1870 453 VAluontm
1915 401 2001 453 IN

1635 550 1717 594 est
1742 544 1915 603 Gneus.
1943 548 2127 595 contra
2149 543 2228 595 rei
2261 544 2566 614 veritatem„
2580 561 2694 599 cum

1632 620 1814 670 melius
1836 629 1853 653 ⁸
1880 621 1994 672 Caii
2017 620 2035 644 '
2061 636 2358 685 praeuomen
2383 624 2432 671 ei
2464 624 2693 675 tribuant

1634 696 1739 755 alii,
1763 703 1817 745 et
1847 697 1923 746 ita
1946 704 2026 745 est
2050 698 2102 745 iu
2138 696 2393 747 Columna
2427 698 2697 751 Rostrata.

1633 770 1870 820 Eundem
1910 785 2135 821 errorem
2179 787 2247 821 ex
2284 773 2537 824 Frontino
2576 789 2618 825 1.
2652 780 2702 824 5.

1634 862 1720 898 ex.
1762 852 1814 897 6.
1851 848 2061 898 sustulit
2103 849 2444 910 politissimus
2487 850 2694 901 Scrive-

1633 924 1769 978 rius:
1803 924 1988 974 eodem
2027 925 2181 975 modo
2219 925 2272 974 in
2314 927 2699 991 antiquioribus

1635 1000 1768 1050 Livii
1803 1001 1926 1050 edd.
1961 1001 2131 1065 Epist.
2170 1014 2319 1052 xvn.
2352 1002 2488 1067 quod
2526 1008 2701 1052 tamen

1635 1084 1782 1127 recte
1807 1079 2128 1128 inmutaruut
2143 1078 2487 1140 posteriores.
2522 1079 2701 1131 Quare

1634 1151 1831 1201 accedo
1853 1146 2096 1202 Manutio
2119 1151 2183 1200 ad
2206 1153 2377 1202 Cicer.
2388 1180 2395 1185 -
2404 1167 2497 1216 pro
2511 1153 2702 1203 Plane.

1635 1242 1685 1278 c.
1716 1232 1798 1279 26.
1846 1242 1941 1291 pro
1975 1229 2044 1280 P.
2084 1230 2387 1279 restituenti
2427 1232 2489 1280 C.
2513 1231 2707 1281 Duilio.

1635 1304 1791 1355 Adde
1815 1304 1973 1356 Oros.
1998 1319 2079 1355 ιν.
2097 1311 2149 1355 7.
2180 1306 2359 1357 ,Ar-nez.

1706 1381 2149 1446 Carthaginienses]
2185 1384 2265 1434 Ex
2288 1383 2459 1432 Fastis
2483 1347 2704 1448 Capito*

1635 1456 1755 1507 linis
1776 1472 1867 1506 sex
1885 1457 2102 1520 syllabis
2127 1473 2160 1507 a
2191 1458 2354 1507 dandi
2388 1472 2536 1522 casu,
2566 1467 2626 1508 ut
2648 1467 2705 1509 et

1636 1531 1939 1582 Priscianus
1980 1533 2072 1581 lib.
2114 1547 2194 1583 lv.
2234 1540 2431 1598 monet,
2453 1541 2509 1584 et
2548 1534 2707 1584 Ennii

1638 1608 1949 1658 auctoritate
1970 1607 2329 1659 confirmatur.
2376 1609 2590 1659 Servius
2613 1624 2706 1660 au-

1638 1691 1745 1733 tem
1767 1682 1818 1733 in
1843 1682 2049 1733 AEneid.
2076 1686 2115 1732 l.
2137 1696 2177 1732 1.
2201 1683 2407 1748 Virgilii
2433 1699 2464 1733 a
2500 1684 2516 1712 ‘
2543 1685 2709 1736 Char-

1638 1766 1694 1808 ta
1714 1756 1731 1783 ’
1754 1757 1992 1810 derivatz
2016 1757 2278 1831 quomodo
2304 1760 2548 1823 Char-tago
2571 1761 2699 1811 scri·

1640 1834 1887 1885 bendum.
1956 1836 2077 1886 Non
2122 1851 2329 1900 sequor.
2397 1837 2605 1886 Solinus
2650 1851 2708 1885 e·

1639 1912 1746 1961 nim
1769 1913 2026 1977 Polyhist.
2062 1928 2112 1962 c.
2133 1917 2219 1963 8⁰.
2251 1915 2270 1941 ‘
2292 1913 2601 1977 Carthada,'
2623 1915 2704 1964 in·

1640 1988 1770 2053 quit,
1791 1994 1807 2018 ‘
1825 1989 2128 2039 Pboenicum
2151 1990 2332 2052 lingua
2349 1998 2499 2038 sonat
2520 2001 2706 2039 novam

1640 2065 1939 2114 civitatemz
1974 2080 2096 2115 mox
2131 2080 2281 2115 verso
2312 2079 2554 2114 sermone
2578 2066 2705 2117 Car·

1641 2140 1800 2203 thago
1825 2142 2090 2205 appellata
2114 2142 2256 2199 urbs,
2274 2148 2329 2191 et
2346 2141 2486 2191 Dido
2500 2139 2711 2192 Elissa.’

1642 2214 1831 2265 Scholt.

1717 2292 1928 2341 Classem
1947 2292 2176 2359 validum]
2228 2295 2319 2345 Sic
2340 2302 2516 2345 autem
2538 2295 2706 2347 locum

1643 2370 2023 2418 emendandum
2068 2370 2265 2420 amicus
2311 2363 2534 2436 quidam*
2562 2386 2706 2422 meus

1643 2458 1744 2509 ope
1781 2444 2027 2495 librorum
2058 2452 2291 2496 veterum
2321 2448 2572 2511 putabat·
2596 2462 2710 2499 cor-

1643 2522 1811 2571 rectio
1830 2524 1966 2571 enim
1989 2524 2094 2585 illa,
2117 2537 2234 2587 quoe
2258 2524 2309 2573 in
2336 2525 2557 2588 vulgatis
2581 2526 2710 2589 legi·

1644 2606 1750 2661 tur,
1768 2601 1820 2649 in
1838 2601 2051 2665 scriptis
2072 2602 2258 2652 abest.
2279 2604 2477 2652 classem
2499 2602 2707 2668 (magis)

1642 2678 1853 2727 validum
1877 2679 2042 2740 (quum
2064 2676 2327 2742 decoram).
2348 2679 2366 2707 ‘
2384 2679 2515 2731 Quis
2539 2678 2720 2743 enim,'

1645 2752 1872 2816 inquit‚‘
1891 2753 1942 2800 iu
1967 2767 2023 2801 re
2039 2752 2244 2814 bellica,
2267 2751 2452 2814 classe,
2471 2761 2564 2803 aut
2579 2768 2710 2818 pug-

1645 2841 1716 2876 na
1737 2826 2139 2890 pulcritudinem
2169 2830 2432 2893 requirat?
2454 2830 2551 2878 nisi
2574 2829 2712 2879 forte

1645 2903 1804 2952 armis
1847 2900 2060 2968 fulgidis
2110 2906 2420 2960 exercitum,
2476 2903 2714 2961 navibus,

1648 2979 1912 3044 aplustris,
1954 2980 2262 3042 caeterisque
2316 2981 2471 3030 rebus
2514 2982 2714 3032 ornatis

1647 3056 1823 3119 potius
1872 3071 2024 3119 quam
2071 3056 2395 3106 confirmatis
2437 3057 2712 3108 victoriam

1646 3131 1925 3193 metiatur3
1962 3139 2020 3180 nt
2044 3130 2331 3182 Antiochus
2354 3132 2465 3194 ille,
2493 3133 2579 3182 cui
2607 3133 2714 3182 An-

1647 3206 1789 3255 nibal
1828 3207 1919 3256 illa
1968 3207 2231 3267 Romanis,
2286 3208 2386 3257 etsi
2427 3208 2716 3257 avarissimi

1646 3282 1769 3344 siut,
1806 3281 2138 3332 satisfactura
2179 3282 2354 3347 lepide
2408 3284 2717 3348 respouditss

1648 3356 1821 3421 Agell.
1841 3359 1999 3416 etiam
2026 3359 2071 3408 N
2079 3366 2187 3408 oct.
2209 3360 2373 3410 Attic.
2396 3359 2489 3410 lib.
2512 3375 2567 3412 v.
2612 3361 2714 3410 Mi-

1646 3434 1698 3483 hi
1724 3442 1899 3484 tamen
1922 3437 2184 3486 correctio
2215 3435 2306 3485 illa
2328 3452 2426 3487 nou
2451 3438 2620 3488 inanis
2639 3438 2715 3487 vi·

1648 3511 1826 3574 detur,
1866 3511 2006 3576 quod
2048 3513 2228 3562 classis
2283 3514 2518 3563 Romana
2570 3514 2713 3564 rudis

1649 3595 1764 3638 erat
1785 3603 1846 3638 ac
1869 3590 2125 3652 impolita,
2148 3596 2202 3638 et
2223 3588 2470 3639 firmitate
2486 3590 2712 3640 trabium

1649 3665 1820 3729 gravis
1850 3672 1905 3714 et
1928 3664 2076 3714 tarda
2097 3682 2112 3711 ι
2142 3673 2450 3729 argumento
2472 3676 2556 3718 est
2577 3670 2713 3718 cele·

1649 3742 1775 3790 ritas
1820 3749 2134 3804 comparatae
2170 3743 2373 3802 classis,
2414 3759 2533 3793 cum
2576 3739 2728 3795 intra'

1650 3819 2024 3880 sexagesimum
2048 3819 2371 3881 diem,quam
2391 3817 2606 3872 arbores
2618 3836 2713 3871 οω-

1650 3908 1721 3943 sae
1747 3901 1917 3950 eraut,
1940 3907 2068 3944 ch.
2100 3897 2306 3943 navium
2337 3896 2520 3945 classis
2553 3898 2603 3946 in
2628 3913 2712 3946 au-

1651 3971 1786 4018 coris
1805 3970 1971 4018 stetit.
2022 3968 2161 4018 Anu.
2185 3970 2384 4019 Seneca
2404 3972 2555 4021 Rom.
2573 3967 2724 4023 Hist.‘

1650 4046 1737 4094 lib.
1760 4059 1827 4094 11.
1895 4045 2074 4095 Nares
2098 4054 2268 4094 autem
2288 4054 2435 4095 erant
2454 4055 2713 4112 rostrato,

1651 4135 1779 4185 quas
1815 4119 2041 4170 liburnas
2086 4126 2293 4170 vocant.
2348 4120 2573 4183 Eutrop.
2610 4123 2711 4172 Ve-

1651 4198 1821 4259 getius
1844 4202 2019 4246 tamen
2044 4208 2122 4244 tv.
2146 4198 2229 4244 33.
2260 4204 2380 4259 post
2398 4193 2623 4261 Augusti
2647 4198 2711 4246 ad

1652 4271 1863 4325 Actium
1898 4272 2191 4335 victoriam,
2221 4272 2441 4337 primum
2473 4287 2504 4323 a
2529 4275 2712 4325 Roma·
