3025 4934
496 393 627 462 678
1193 413 1404 462 nom
1459 412 1861 464 VARloRUM
1916 415 1999 463 m

493 553 580 604 hie
602 551 871 604 Telesinus
893 552 1163 619 oppressi.'
1195 554 1370 606 Arute-

564 630 777 693 Collina]
829 632 1066 681 Lucanus
1100 632 1356 682 secundos
1403 632 1422 661 ‘
1445 632 1559 683 Aut

496 708 700 758 Collina
736 709 860 759 tulit
889 717 1080 759 stratas
1123 716 1253 774 quot
1288 718 1439 774 porta
1472 724 1557 760 ca·

497 784 711 839 terras?
749 785 912 836 Maeli.

507 889 514 895 -
568 862 723 926 vicie]
757 864 1100 913 Plutarehnsz
1136 864 1340 916 ‘Quum
1360 864 1557 914 Maria·

493 955 676 991 norum
702 949 852 1005 terga
872 941 1208 1001 vertentium,
1244 942 1331 1004 qui
1361 940 1556 991 diutius

493 1017 749 1066 sustinere
767 1018 1082 1081 nequirent,
1128 1021 1316 1080 magna
1353 1023 1555 1080 strages

492 1090 613 1153 fnit,
655 1093 865 1142 ‘Marius
929 1107 1043 1142 sese
1110 1092 1384 1141 Praeneste
1427 1090 1556 1155 fuga

492 1169 822 1231 subtrahens,
860 1167 1124 1219 obseratas
1168 1175 1346 1231 portas
1392 1166 1557 1218 offen·

491 1247 622 1297 dens
644 1246 769 1296 fune
792 1260 1016 1310 superne
1055 1247 1276 1296 demisso
1309 1241 1472 1311 qnum'
1498 1261 1559 1296 se

490 1323 810 1386 immisisset,
842 1323 894 1372 iu
927 1337 1127 1373 murum
1160 1329 1404 1385 receptus
1435 1320 1555 1373 est.’

490 1400 658 1449 Much.
1233 1433 1242 1438 -

555 1480 583 1541 §
606 1480 640 1525 9
673 1477 919 1526 Proeneste
940 1473 1212 1539 iuter-secto]
1245 1467 1552 1539 Appianus't

488 1558 509 1586 ‘·
524 1552 727 1605 Quibus
752 1553 1043 1616 conspectis
1062 1552 1395 1615 Praenestini,
1418 1551 1554 1617 quod

487 1641 667 1677 omnes
688 1627 939 1678 Carbonis
958 1627 1136 1691 copias
1158 1626 1358 1677 deletas
1383 1628 1554 1678 audis-

489 1712 627 1769 sent,
651 1705 954 1755 Norbanum
989 1720 1055 1755 ex
1079 1706 1239 1756 Italia
1272 1705 1553 1771 aufugisse,

485 1782 712 1846 reliquas
735 1796 857 1832 vero
877 1782 1048 1833 ltaliae
1070 1784 1223 1834 nrbes
1255 1782 1322 1833 ad
1354 1784 1551 1834 Sullam

484 1857 829 1919 concessisse,
869 1858 1131 1909 civitatem
1181 1860 1428 1910 Lucretio
1461 1861 1553 1910 de-

485 1934 631 1987 dere.
707 1936 878 1987 Mario
903 1952 1143 2002 aggerem
1169 1954 1264 2002 per
1285 1940 1553 1990 cuniculos

484 2011 740 2075 ingresso,
769 2027 868 2064 nec
902 2014 1063 2063 multo
1088 2023 1210 2078 post
1232 2015 1552 2080 interempto

483 2100 639 2136 manu
695 2088 906 2153 propria
961 2089 1234 2139 Lucretius
1292 2092 1553 2142 cervicem

485 2161 732 2227 abscidit,
753 2171 1014 2226 caputque
1046 2163 1111 2212 ad
1148 2164 1340 2214 Sullam
1375 2166 1549 2217 misit:

484 2237 541 2287 id
581 2236 679 2288 fori
719 2240 772 2288 in
813 2240 986 2288 medio
1030 2247 1152 2289 ante
1198 2249 1367 2291 rostra
1404 2243 1553 2293 Sulla

485 2327 604 2362 curn
649 2314 1007 2379 appendisset,
1047 2317 1270 2380 juventa
1323 2313 1552 2370 consulis

481 2390 653 2452 irrisa,
700 2390 888 2456 inquit,
939 2394 1184 2456 remigem
1245 2395 1385 2458 prius
1439 2411 1552 2446 esse

485 2474 750 2529 oportere,
770 2482 922 2532 quarn
940 2467 1004 2516 ad
1025 2467 1422 2532 gubernaculum
1441 2488 1554 2523 ma-

485 2555 585 2591 nus
609 2542 919 2592 admovere.'
951 2544 1117 2595 Maeli.

585 2618 961 2682 Proscriptioais
1031 2621 1265 2686 tribulans]
1335 2623 1551 2674 Plutar-

485 2693 644 2748 chus:
690 2696 707 2723 ⁸
729 2695 875 2757 Sylla
912 2696 1070 2758 igitur
1100 2699 1370 2762 externplo
1404 2707 1545 2750 octo·

486 2772 636 2834 ginta
682 2772 986 2835 proscripsit
1030 2774 1192 2823 millia
1230 2782 1551 2833 senatorum,

484 2846 862 2897 communicato
882 2848 1115 2906 consilio,
1142 2850 1373 2899 omnibus
1407 2867 1550 2915 aegre

484 2922 809 2975 ferentibnsx
861 2924 965 2974 imo
1007 2926 1287 2990 interjecto
1329 2927 1417 2976 die
1456 2929 1551 2977 du.

485 3005 666 3048 centos
688 3009 745 3050 et
768 3000 951 3063 viginti
972 3001 1198 3065 adjecit:
1227 3004 1426 3053 deinde
1445 3014 1551 3054 ter-

485 3078 563 3127 tio
584 3092 687 3127 non
711 3081 984 3141 pauciores
1009 3078 1239 3142 adjecit.’
1271 3081 1435 3131 Maeli.

552 3152 733 3202 Novem
764 3154 940 3218 millia]
986 3155 1094 3203 Alii
1119 3156 1276 3205 XIX.
1297 3158 1446 3206 malin
1465 3160 1551 3207 de·

484 3228 758 3277 dilits'orum
768 3229 968 3292 legunt,
980 3239 1107 3293 quot
1122 3239 1176 3279 et
1192 3232 1406 3282 Liviana
1424 3234 1547 3295 Epi·

485 3311 625 3353 tome
659 3305 751 3353 lib.
784 3317 1072 3355 Lxxxvtu.
1124 3305 1445 3369 Augustinus
1478 3310 1546 3357 de

484 3381 714 3430 civitate
735 3381 840 3429 Dei
864 3393 954 3429 ιιι.
971 3385 1059 3446 28.
1082 3389 1279 3444 septem
1310 3384 1551 3434 dumtax-

486 3463 544 3505 at
579 3457 737 3506 millia
770 3458 960 3506 civium
1005 3458 1344 3509 Romanorum
1383 3462 1551 3511 inter-

482 3530 654 3582 fecta:
690 3534 810 3583 Val.
844 3533 1101 3583 Maximus
1137 3548 1220 3584 rx.
1242 3540 1290 3584 2.
1328 3546 1549 3599 quatuor

435 3630 439 3634 ·
484 3608 716 3671 legiones
744 3608 1082 3659 obtruncatus
1113 3610 1352 3662 affirmat.
1419 3614 1555 3664 Plu--

487 3685 698 3734 tarchus
733 3684 1078 3746 ἑξακισχιλίους
1103 3698 1355 3738 numerat.
1409 3690 1547 3741 Anu.

489 3762 676 3811 Florus
726 3763 815 3811 lib.
849 3776 936 3812 ln.
968 3764 1158 3813 Rerum
1195 3765 1547 3818 Romanarum

485 3848 709 3903 quatuor
745 3839 923 3887 millia.
971 3840 1187 3890 Orosius
1218 3841 1312 3890 lib.
1352 3856 1407 3891 v.
1442 3845 1549 3895 tria

484 3922 691 3964 tantum
726 3925 980 3981 numerat,
1016 3917 1112 3966 uisi
1147 3918 1421 3969 mendosus
1458 3937 1553 3971 co-

483 3991 587 4041 dex
608 4000 708 4041 est.
774 3992 1013 4043 Quatuor
1034 4001 1125 4043 aut
1143 3996 1368 4059 quinque
1390 3997 1553 4047 millia

482 4065 647 4116 fuisse
682 4067 933 4128 creditur,
972 4069 1142 4133 inquit
1179 4070 1367 4121 Strabo
1403 4072 1548 4124 Geo-

486 4143 668 4207 graph.
707 4143 797 4193 lib.
839 4158 889 4193 v.
928 4152 985 4193 et
1024 4144 1229 4208 quidem
1267 4147 1548 4215 Samnites,

490 4234 618 4284 quos
653 4220 797 4269 vivos
828 4220 1006 4270 edicto
1038 4222 1156 4285 capi
1194 4224 1336 4274 Sulla
1368 4234 1547 4278 vetue-

486 4305 588 4347 rat.
619 4294 858 4346 &hotius-
924 4298 1207 4363 Exemplar
1233 4308 1465 4354 nostrum
1487 4319 1547 4354 u·

1632 571 1774 620 num,
1817 557 2003 609 VIIII.
2040 557 2178 609 unde
2214 557 2411 609 factum
2453 557 2591 609 forte
2632 565 2695 608 nt·

1633 636 1906 698 irrepserit
1943 636 1997 685 in
2034 635 2281 698 Epitome
2318 636 2553 699 Liviana,
2591 642 2695 690 octo

1630 711 1811 759 millias
1840 709 1962 760 dum
1996 710 2192 760 librarii
2226 712 2429 762 scilicet
2462 727 2564 761 non
2600 727 2693 776 pu·

1632 791 1748 834 tant
1781 801 1965 836 novem
1997 800 2061 836 eo
2092 786 2248 837 modo
2281 789 2536 852 exprimi:
2571 790 2691 838 inde

1630 862 1787 912 etiam
1831 861 2028 913 factum
2077 872 2136 913 nt
2184 863 2340 915 iidem
2395 879 2543 928 sepe
2596 880 2695 928 pro

1632 937 1879 988 XXXX.
1955 941 2384 1003 representat-int
2469 941 2697 1003 triginta.

1631 1014 1785 1066 Grut.
1849 1016 2144 1068 Admodum
2177 1018 2379 1067 variant
2414 1025 2622 1068 veteres
2638 1020 2696 1068 in

1629 1092 1884 1142 tradendo
1921 1108 2135 1143 numero
2174 1095 2483 1144 occisorum.
2542 1096 2695 1143 Duas

1627 1167 1858 1231 legiones
1882 1177 2134 1219 memorat
2165 1170 2368 1219 Seneca
2403 1169 2475 1218 de
2505 1169 2696 1219 Benef-

1628 1258 1684 1295 ν.
1707 1250 1788 1295 16.
1822 1261 1948 1311 quas
1982 1254 2184 1311 septem
2219 1247 2378 1296 millia
2410 1244 2570 1297 fuisse
2603 1261 2699 1297 ex-

1629 1322 1779 1385 ponit
1803 1322 1869 1372 de
1897 1323 2058 1374 Clem.
2083 1336 2123 1373 1.
2148 1327 2229 1374 12.
2263 1322 2354 1371 ubi
2391 1321 2529 1371 adde
2568 1322 2695 1387 Lip-

1629 1397 1777 1448 sinm.
1823 1398 1925 1448 Alii
1946 1399 2089 1449 varie
2107 1400 2188 1449 vel
2209 1406 2410 1462 augent
2425 1399 2508 1448 vel
2523 1400 2695 1450 minu-

1630 1481 1722 1524 unt
1752 1474 1897 1524 illurn
1928 1489 2230 1526 numer-unis
2270 1475 2335 1525 ad
2358 1488 2441 1525 vr.
2457 1476 2696 1538 legiones

1630 1549 1900 1601 adscendit
1920 1551 2234 1611 Scholiastes
2254 1551 2455 1601 Lucani
2476 1551 2565 1599 lib.
2586 1550 2697 1601 v'n.

1630 1639 1704 1676 vs.
1728 1630 1843 1676 80⁷.
1908 1626 2121 1690 Inspice
2156 1629 2300 1679 Plut.
2333 1628 2478 1678 Sulla
2499 1642 2552 1691 p.
2575 1632 2691 1677 471.

1624 1702 1804 1766 Sigon.
1838 1702 1902 1752 ad
1941 1703 2057 1754 Liv.
2093 1704 2237 1768 Eplt.
2275 1704 2364 1753 lib.
2407 1716 2697 1753 Lxxxvut.

1626 1779 1838 1842 Vignoli
1861 1778 1928 1829 de
1953 1779 2064 1830 Col.
2090 1780 2288 1831 Anton.
2311 1794 2430 1843 cap.
2447 1783 2499 1829 2.
2534 1794 2589 1843 p.
2610 1784 2695 1829 22.

1623 1869 1768 1919 seqq.
1803 1861 1857 1904 et
1893 1855 2031 1906 viros
2069 1855 2219 1907 erud.
2258 1855 2322 1904 ad
2359 1856 2568 1905 Florum
2605 1868 2697 1907 nt.

1624 1936 1711 1982 20.
1730 1933 1758 1996 §
1779 1935 1864 1983 24.
1916 1932 2181 1983 Varietati
2204 1931 2432 1992 fortasse
2454 1947 2697 1982 caussam

1625 2008 1793 2069 dedit,
1808 2008 1945 2073 qnod
1965 2009 2051 2060 alii
2067 2010 2203 2059 solos
2218 2008 2534 2058 numerarim
2551 2008 2695 2058 cives

1629 2083 1910 2147 Romanos,
1933 2085 2020 2134 alii
2044 2084 2142 2134 sub
2175 2085 2237 2133 iis
2271 2084 2427 2149 etiam
2455 2098 2699 2148 eompre-

1624 2161 1899 2213 henderiut
1953 2163 2232 2225 Samnitas,
2278 2163 2365 2226 qni
2421 2162 2572 2210 simul
2619 2162 2695 2214 ibi

1625 2238 1840 2288 fuerunt
1876 2239 2141 2289 trucidati.
2208 2239 2276 2287 Et
2311 2238 2466 2287 facile
2489 2238 2588 2289 snb
2609 2248 2698 2303 ty·

1626 2316 1800 2364 rannis
1825 2317 1952 2365 latet
1985 2316 2193 2371 veritas,
2229 2316 2400 2364 multis
2436 2316 2693 2365 saevitiam

1626 2406 1782 2456 supra
1819 2392 2027 2442 modum
2066 2391 2460 2454 extollentibus,
2499 2394 2701 2443 ceter-is⁴

1627 2483 1741 2518 rem
1772 2469 2064 2528 mitioribus
2096 2469 2271 2519 verbis
2300 2469 2695 2520 excusantibus.

1625 2544 1799 2593 Arm.

1698 2620 1826 2670 Viuo
1842 2620 2054 2684 publiea]
2078 2619 2138 2669 In
2161 2634 2349 2683 eampo
2362 2626 2480 2669 erat
2496 2622 2697 2671 Martio

1625 2705 1763 2747 teste
1786 2697 1935 2748 Livio
1960 2696 2050 2746 lib.
2072 2711 2126 2747 v.
2152 2696 2266 2747 Val.
2289 2697 2523 2746 Maximo
2547 2702 2626 2747 rx.
2642 2702 2699 2747 3.

1624 2771 1921 2837 Augustino
1959 2771 2028 2822 de
2066 2773 2292 2823 Civitate
2337 2772 2437 2821 Dei
2481 2787 2572 2823 nr.
2605 2777 2691 2823 28.

1626 2848 1748 2898 Non
1792 2849 1920 2899 illud
1965 2849 2148 2898 celabo
2187 2850 2321 2899 male
2367 2850 2421 2897 in
2466 2860 2693 2913 utroque

1625 2926 1758 2975 Livii
1783 2926 2147 2975 abbreviatore
2169 2927 2249 2975 viu
2275 2926 2462 2989 publica
2486 2942 2582 2990 pro
2602 2929 2693 2977 nil·

1623 3002 2012 3066 lapubls‘eulegi.
2045 3002 2234 3052 Sabou.
2301 3002 2449 3051 Idem
2474 3018 2622 3051 error
2637 3008 2690 3052 in

1623 3081 1641 3105 ⁴
1668 3080 1749 3127 via
1767 3078 1783 3104 ’
1802 3088 1858 3129 et
1881 3087 1897 3108 ⁸
1923 3079 2041 3127 villa
2061 3077 2078 3099 ’
2108 3088 2224 3128 erat
2245 3077 2383 3141 apud
2408 3079 2526 3127 Liv.
2544 3081 2691 3142 Epit.

1621 3154 1711 3205 lib.
1738 3168 2026 3205 nxxxvm.
2047 3162 2184 3205 teste
2208 3154 2437 3218 sigonio.
2472 3158 2555 3206 De
2575 3158 2692 3206 loco

1621 3232 1710 3281 nbi
1733 3232 1907 3302 cades
1930 3230 2097 3292 facta,
2115 3232 2233 3280 vide
2253 3240 2694 3283 commentatores

1622 3307 1776 3358 modo
1800 3308 2038 3356 laudatos
2060 3313 2116 3357 et
2137 3306 2381 3358 Oudend.
2404 3307 2469 3356 ad
2491 3310 2690 3359 Lucan.

1622 3398 1685 3436 11.
1710 3389 1823 3436 197.
1857 3386 2030 3435 Amtz.

1688 3463 1716 3525 §
1741 3464 1804 3511 lo
1841 3459 2163 3510 Tribunicium
2181 3458 2487 3523 potestatem]
2523 3460 2695 3525 Appi-

1623 3550 1783 3587 anus:
1821 3537 2203 3586 ‘Tribunieiam
2222 3550 2346 3585 vero
2372 3545 2690 3598 potestatem

1623 3612 1761 3663 adeo
1783 3611 2035 3677 perfregit
2057 3627 2119 3661 ae
2142 3610 2457 3667 debilitavit,
2485 3621 2551 3663 ut.
2577 3612 2697 3664 fere.

1623 3690 1691 3741 ad
1728 3691 1945 3741 nihilum
1985 3689 2270 3753 redegerit,
2303 3703 2459 3753 quum
2482 3705 2549 3739 ex
2569 3692 2695 3755 lege

1623 3767 2005 3831 prohiberetur,
2022 3767 2112 3832 qni
2137 3781 2192 3816 se
2216 3767 2476 3817 tribunum
2500 3770 2690 3829 gessis-

1621 3855 1723 3905 set,
1758 3847 1976 3894 nlterius
2007 3852 2322 3908 potestatem
2349 3844 2545 3895 babere
2569 3862 2693 3911 pos·

1622 3920 1715 3973 se.’
1747 3921 1913 3971 Mach-

1686 4001 1714 4064 §
1754 4004 1812 4050 11
1852 4000 1959 4063 Spe
1981 3999 2220 4063 deceptus]
2269 3999 2487 4062 Corrige
2525 4001 2692 4063 eperat

1618 4067 1876 4138 coeptnsbx
1897 4076 2041 4125 libris
2060 4077 2286 4141 antiquis
2301 4075 2433 4125 Mes.
2471 4077 2697 4127 Nullam

1619 4154 1756 4202 enirn
1796 4167 1942 4215 spem
1982 4160 2314 4216 conceperat,
2349 4154 2689 4217 quamobrem

1617 4228 1927 4277 dictaturam
1946 4229 2235 4278 abdicaret.
2299 4229 2470 4291 Supra
2494 4231 2688 4291 paullo.

1616 4304 1856 4358 iuncinum
1871 4306 2026 4358 iidem
2047 4304 2557 4371 preferant-*swa
2587 4306 2687 4371 &a
