3025 4934
884 393 1111 443 snx‘rr
1163 393 1488 443 Annunu
1545 393 1918 445 vrc‘ronns.
2375 381 2510 449 865

376 542 540 597 1546
582 532 871 606 Basileae,
893 534 1000 596 fol.
1025 535 1200 596 Sext.
1227 538 1388 599 Aur.
1417 534 1640 599 Victor
1665 538 1742 599 de
1778 538 1934 600 Vita
1973 546 2035 598 et
2069 535 2345 610 Moribus
2372 537 2514 601 (2ae-

288 651 509 696 sarum.
604 632 772 694 Inter
814 631 984 694 Hist.
1028 632 1199 712 Aug.
1231 633 1480 716 Scriptt.
1523 650 1601 696 ex
1649 637 2046 718 recognitione
2072 634 2136 698 J.
2158 636 2242 701 B.
2273 636 2515 719 Egnatii

289 741 353 794 et
379 730 616 792 Erasmi
643 729 806 813 apud
837 729 888 790 F
890 729 1210 792 robenium.

1195 965 1445 1054 AETAS
1493 969 1594 1037 ιι.

382 1146 594 1227 Usque
623 1145 703 1208 ad
724 1151 906 1209 1579.
931 1143 1374 1227 procedit.-S.
1405 1144 1564 1207 Aur.
1595 1141 1835 1207 Victori
1867 1145 2016 1209 nihil
2059 1150 2357 1230 singulare
2400 1153 2515 1216 hac

297 1252 478 1305 aetate
502 1243 775 1321 contigit,
803 1260 982 1323 quam
1010 1240 1175 1329 quod
1200 1242 1311 1301 sub
1338 1244 1470 1321 ejus
1511 1241 1691 1302 finem
1735 1243 2005 1304 libellum
2032 1246 2108 1306 de
2136 1247 2305 1309 Viris
2333 1247 2516 1310 Illus-

292 1342 503 1410 tribus,
531 1359 668 1399 cum
694 1338 892 1399 adhuc
917 1337 1015 1399 vel
1045 1337 1238 1397 Plinii
1254 1339 1392 1417 jun.
1422 1338 1520 1398 vel
1548 1338 1831 1420 Nepotis,
1859 1342 1955 1402 vel
1985 1343 2253 1406 Suetonii
2280 1349 2516 1408 nomine

296 1438 379 1500 nd
404 1456 608 1498 eorum
634 1436 859 1518 scripta
885 1436 1221 1506 accesserit,
1250 1435 1492 1496 tandem
1520 1457 1617 1499 an.
1647 1444 1830 1502 1577.
1846 1441 1987 1518 jure
2008 1442 2356 1522 postliminii
2382 1444 2517 1505 red-

294 1534 518 1596 diderit
542 1532 783 1594 Victori
811 1531 1010 1595 Andr.
1041 1529 1346 1605 SchottuS,
1366 1541 1633 1593 veterum
1653 1533 1936 1594 librorum
1954 1536 2075 1597 fide
2103 1540 2517 1622 rationumque

298 1632 614 1704 momentis
662 1630 979 1691 subnixus
1059 1628 1328 1690 Fortuna
1369 1630 1564 1709 maj0r
1605 1629 1693 1690 nb
1730 1631 1941 1693 eodem
1984 1634 2234 1697 Schotto
2276 1638 2518 1699 biennio

299 1738 438 1812 post
487 1729 743 1789 arrisum
792 1735 923 1788 erat
974 1726 1256 1797 Victori·
1328 1726 1484 1787 unde
1556 1745 1730 1789 novae
1784 1731 1980 1791 aetatis
2026 1734 2302 1849 princeps
2363 1734 2522 1854 foret

300 1827 609 1888 Schottus.

385 1930 547 1984 1550
586 1921 860 1993 Parisiis,
886 1926 948 1983 4.
993 1919 1167 1983 Sext.
1187 1921 1346 1982 Aur.
1374 1921 1596 1983 Victor
1621 1921 1699 1981 de
1727 1921 1898 1983 Viris
1915 1922 2277 1989 Illustribus.
2364 1925 2520 1991 vid.

302 2020 383 2082 ad
410 2026 2309 2082 ιιιι.1545.·

383 2123 546 2178 1551
590 2115 889 2195 Lugduni,
921 2123 1018 2177 12.
1062 2114 1234 2176 Sext.
1269 2114 1421 2178 Aur.
1451 2115 1674 2177 Victor
1697 2114 1774 2176 de
1805 2115 1956 2178 Vita
1984 2126 2047 2178 et
2074 2117 2350 2181 Moribus
2379 2117 2518 2183 Gae·

299 2235 519 2275 sarum.
602 2212 768 2273 Inter
794 2213 969 2274 Hist.
995 2212 1164 2293 Aug.
1195 2212 1439 2292 Scriptt.
1471 2221 1606 2293 post
1634 2213 1988 2275 Suetonium
2015 2235 2070 2276 c.
2102 2237 2162 2276 n.
2187 2216 2293 2281 Jo.
2332 2219 2518 2302 Bapt.

304 2312 579 2392 Egnatii,
606 2329 707 2393 ap.
735 2310 884 2373 Seb.
914 2310 1274 2391 Gryphium.

389 2415 548 2470 1562
591 2408 893 2487 Lugduni,
925 2416 984 2470 8.
1050 2407 1224 2469 Sext.
1268 2406 1424 2468 Aur.
1474 2406 1742 2468 Victoris
1794 2407 2077 2489 Epitome
2129 2409 2206 2472 de
2258 2412 2412 2474 Vita
2461 2421 2523 2475 et

305 2506 584 2567 Moribus
628 2504 832 2586 Impp.
886 2504 1075 2566 Rom.
1127 2504 1206 2566 nd
1249 2504 1483 2565 calcem
1527 2503 1569 2563 J
1575 2505 1773 2566 ustnu
1858 2503 2053 2587 Apud
2099 2508 2320 2571 haered.
2375 2510 2521 2571 Seb.

307 2604 593 2685 Gryphii.

389 2708 551 2761 1563
596 2698 882 2771 Basileae,
928 2697 1034 2758 fol.
1081 2696 1259 2761 Sext.
1304 2665 1461 2758 Aur.
1506 2696 1724 2761 Victor
1757 2697 1834 2758 de
1883 2698 2052 2760 Viris
2104 2699 2334 2768 Illustr.
2387 2723 2522 2766 cum

307 2798 701 2878 Lycosthenis
726 2793 1183 2857 commentariis.

390 2901 556 2955 1564
595 2894 889 2965 Pictavii,
915 2901 975 2953 4.
1021 2892 1193 2953 Sext.
1222 2891 1379 2956 Aur.
1411 2891 1634 2952 Victor
1659 2892 1736 2952 de
1764 2891 1917 2953 Vita
1932 2901 1992 2952 et
2026 2893 2300 2958 Moribus
2320 2886 2524 2981 Impp.

310 2992 498 3060 Rom.
526 2997 642 3052 ὅτε.
669 3009 748 3052 ex
777 2991 933 3052 Eliae
957 2989 1174 3050 Vineti
1198 2990 1537 3054 recensione
1564 2997 1627 3049 et
1650 3010 1784 3050 cum
1812 2991 1942 3068 ejus
1968 2992 2146 3052 notiS.

393 3096 554 3150 1568
594 3086 1141 3149 Pseudo-Messala
1168 3087 1482 3159 Corvinus,
1513 3086 1683 3147 Sext.
1714 3086 1869 3147 Aur.
1907 3086 2146 3162 Victor,
2185 3088 2358 3151 Sext.
2388 3088 2523 3150 Ru-

307 3187 426 3260 fus,
449 3196 512 3247 et
538 3186 885 3267 Eutropius,
924 3186 1074 3246 inter
1116 3183 1408 3248 Historiae
1453 3183 1644 3247 Rom.
1686 3184 2017 3267 Scriptores
2041 3187 2121 3248 ab
2148 3186 2346 3250 Henr.
2389 3186 2524 3249 Ste-

309 3284 511 3365 phano
534 3283 744 3344 editos.

397 3387 557 3441 1569
600 3379 793 3443 Basil.
822 3386 889 3441 8.
932 3379 1228 3461 Eutropii,
1259 3380 1447 3453 Flori,
1478 3380 1767 3454 victorie,
1799 3382 2070 3454 Eusebii,
2099 3381 2335 3456 Rufini,
2366 3383 2527 3445 Oro·

308 3479 406 3552 sii,
433 3477 780 3550 Jomaudis,
805 3485 870 3537 et
909 3476 990 3536 al.
1022 3476 1319 3537 Historiae
1348 3473 1755 3540 Miscellaneae
1802 3499 1839 3539 a
1875 3479 2110 3541 Paullo
2147 3481 2529 3561 Aquileiensi

310 3575 606 3648 collectae,
649 3582 857 3656 postea
898 3594 939 3634 a
978 3572 1337 3656 Landulpho
1378 3584 1572 3636 auctae
1613 3583 1675 3636 et
1717 3576 2020 3657 productae
2053 3575 2131 3637 ad
2158 3577 2245 3640 A.
2273 3577 2352 3642 O.
2383 3587 2526 3644 806.

312 3673 453 3735 Lib.
482 3687 691 3735 xxlv.
736 3672 893 3732 Ace.
932 3670 1245 3732 Anastasii
1298 3669 1578 3742 Historia
1620 3673 2064 3736 Ecclesiastico.
2090 3681 2151 3735 et
2194 3674 2264 3736 N
2267 3667 2528 3758 icephori

313 3769 740 3849 chronologia.

248 3927 259 3944 ,Α
400 3871 565 3932 1573
602 3866 900 3946 Lugduni,
925 3869 1024 3926 12.
1070 3865 1242 3927 Sext.
1272 3866 1429 3927 Aur.
1459 3866 1697 3938 Victor,
1727 3868 1803 3926 ad
1819 3868 2045 3928 calcem
2067 3867 2305 3932 Justini.
2337 3869 2530 3952 Apud

314 3964 567 4124 Θῗξζὸ
604 4060 901 4133 coloniae,
923 4069 989 4122 8.
1028 4060 1375 4141 Eutropius,
1412 4077 1548 4121 cum
1585 4059 1849 4121 Victoris
1881 4061 2182 4141 Epitome,
2210 4064 2368 4145 apud
2407 4067 2533 4126 hae-

315 4159 488 4249 redes
515 4156 774 4220 Arnold.
807 4156 1679 4220 Birckmnnni.--Memoratur
1708 4157 1806 4218 J0.
1841 4158 1941 4218 Fr.
1976 4156 2250 4220 Grunero
2271 4161 2332 4222 in
2361 4161 2527 4243 praef.

317 4257 413 4318 ed.
439 4256 712 4316 Victoris
740 4257 919 4319 1757.
1779 4264 1788 4275 '

454 4352 693 4417 Delph.et
719 4351 836 4402 Var.
860 4353 989 4404 Clas.
1304 4352 1471 4403 Aurei.
1501 4352 1629 4403 Vict.
2309 4362 2338 4407 3
2373 4357 2402 4405 Ι
