3025 4934
469 400 604 472 480

473 565 695 616 Salmas.
726 561 791 612 ad
827 561 987 614 Solin.
1010 576 1063 626 p.
1085 564 1202 612 865.
1253 561 1448 613 Merui.
1470 562 1539 613 ad

471 642 611 693 Eun.
635 655 690 704 p.
710 643 826 690 219.
848 647 904 691 et
932 639 1114 691 Heius.
1134 641 1200 689 ad
1220 639 1377 689 Ouid.
1397 640 1542 690 Fast.

472 729 553 768 lv.
580 721 698 766 848.
767 717 989 765 Rutrum
1023 721 1104 765 est
1131 715 1540 785 ,instrumentum

472 794 721 843 rusticum
734 800 792 842 et
802 793 1044 841 militare.
1064 791 1306 841 Rastrum
1325 805 1446 841 vero
1456 791 1542 842 hic

473 870 647 927 locum
664 869 855 919 habere
868 882 969 918 non
981 875 1174 931 potest·
1198 868 1421 925 Nouius,
1433 883 1482 918 c.
1501 882 1541 918 ι.

474 960 527 997 n.
543 951 625 996 66.
651 945 764 996 Liv.
785 947 1141 995 xxxva-45.
1159 948 1177 973 ⁸
1197 944 1436 1002 secures,
1456 959 1541 994 ru·

473 1028 581 1084 tra,
604 1020 785 1087 falces,
817 1022 1065 1079 alveolos,
1090 1021 1269 1078 molas,
1292 1028 1541 1084 quantum

472 1099 530 1148 in
550 1110 644 1148 ιι..
669 1099 848 1162 longas
869 1111 1030 1148 naves
1053 1111 1186 1161 opus
1215 1103 1351 1147 esset
1370 1097 1405 1148 ε’
1440 1113 1542 1163 quo

470 1175 587 1225 loco
608 1175 748 1225 inter
769 1177 1112 1227 instrumenta
1145 1173 1386 1222 militaria
1419 1187 1541 1223 enu-

473 1260 644 1301 merat
656 1259 673 1282 ‘
688 1259 829 1301 rutra
839 1250 874 1314 ς’
890 1250 1027 1317 qnod
1040 1250 1173 1301 fecit
1185 1251 1343 1300 etiam
1353 1250 1544 1314 Veget-

474 1331 543 1381 de
561 1332 638 1381 Re
660 1331 819 1381 Mitit.
842 1346 883 1382 1.
906 1335 992 1380 24.
1024 1332 1042 1360 ⁸
1066 1328 1152 1380 Ad
1170 1329 1307 1395 qnod
1331 1345 1463 1396 opus
1480 1330 1544 1378 li-

472 1421 656 1471 gones,
679 1415 844 1470 rutra,
866 1407 1048 1472 qualos
1075 1407 1277 1470 alisque
1313 1405 1542 1456 utensili-

474 1499 561 1534 um
584 1499 778 1548 genera
799 1484 992 1534 habere
1023 1484 1272 1534 convenit
1285 1482 1321 1532 ι’
1355 1489 1412 1532 ut
1430 1483 1543 1547 qui·

474 1561 595 1610 dem
617 1560 963 1610 stewechium
1000 1568 1221 1609 secutus·
1245 1559 1415 1609 malim
1447 1558 1543 1616 ibi,

474 1649 629 1700 quam
660 1641 841 1697 rastra,
875 1649 978 1700 quo
1008 1635 1162 1684 modo
1198 1634 1420 1685 eandem
1455 1650 1543 1684 vo·

474 1727 592 1764 cem
645 1723 945 1778 corruptam
1001 1718 1141 1765 esse'
1178 1714 1349 1765 disces
1398 1715 1542 1779 apud

473 1787 698 1838 eundem
734 1802 800 1838 ex
834 1790 972 1839 notis
992 1788 1163 1839 Scriv.
1183 1790 1542 1840 etsstewechii

475 1865 553 1916 ad>
569 1878 635 1914 ιι.
655 1870 740 1915 25.
772 1865 953 1915 ,iv-nez.

540 1941 684 1993 CAP.
716 1954 779 1993 11.
844 1943 876 2007 ᾗ
897 1946 926 1991 1
959 1939 1188 2009 Asylum]
1221 1940 1389 1992 Locus
1424 1950 1544 1993 erat

472 2028 643 2075 sacer,
666 2025 727 2067 ut
758 2016 974 2081 Dionys.
995 2018 1106 2081 ait3
1142 2019 1278 2066 inter
1310 2018 1439 2067 duos
1463 2020 1541 2068 lu-

473 2106 585 2158 cos,
604 2108 730 2143 saxo
753 2094 1124 2151 circumdatus,
1146 2102 1203 2143 ut
1225 2094 1404 2144 Ovidii
1428 2109 1560 2153 car-,

472 2184 594 2219 men
617 2170 849 2219 iudicat:
884 2175 899 2200 ⁸
923 2171 1171 2221 Romulus
1205 2177 1266 2220 ut
1302 2184 1429 2220 saxo
1465 2172 1541 2220 lu-

473 2261 594 2296 cum
615 2245 963 2295 circumdedit
985 2246 1128 2295 alto-²
1163 2246 1353 2295 Latine
1372 2249 1391 2276 ⁸
1416 2260 1545 2297 con-

471 2319 671 2385 fugium
688 2321 704 2344 ’
726 2322 831 2371 dici
856 2322 1020 2385 valetg
1056 2323 1248 2373 dicitur
1280 2322 1345 2372 ab
1367 2341 1399 2373 α
1417 2325 1542 2389 sine,

475 2403 533 2449 et
552 2397 696 2464 σύρω,
715 2398 870 2457 triuio,
888 2400 1008 2466 quia
1031 2399 1152 2450 iude
1173 2399 1395 2465 aliquem
1422 2403 1540 2451 abs·

399 2498 405 2503 .
475 2476 611 2526 trahi
662 2473 810 2525 nefas
852 2474 1044 2526 fuerat.
1108 2473 1185 2526 Ut
1220 2490 1358 2527 nune
1390 2475 1450 2526 fit
1488 2479 1544 2527 in

474 2554 637 2604 sacris
678 2553 870 2603 nostris
910 2552 1156 2603 delubris.
1222 2554 1333 2603 Per
1367 2553 1541 2605 audis·

472 2632 652 2681 tincon
676 2638 852 2679 autem
867 2630 956 2679 rho
971 2638 1029 2679 et
1050 2629 1238 2679 lambda
1252 2639 1543 2694 mutantur,

474 2713 537 2757 nt
559 2705 794 2756 Palladae
820 2705 1078 2756 distichon
1101 2707 1328 2758 indicat:
1361 2706 1448 2757 Ῥῶ
1462 2708 1543 2757 καὶ

473 2782 672 2845 λάμβδα
684 2781 832 2844 μόνον
851 2781 1054 2847 κόρακας
1067 2782 1278 2835 κόλακάς
1293 2802 1348 2833 τε
1363 2786 1542 2834 Gaura·

474 2861 661 2912 Οὐκοῦν
682 2858 829 2910 ‘ranno
859 2858 1022 2924 κόραξ,
1051 2859 1340 2924 βωμολόχος
1370 2879 1428 2911 τε
1460 2861 1541 2912 κό-

472 2941 584 3000 λαξ·
618 2937 672 2988 id
707 2942 807 3001 est,
847 2937 957 2986 Rho
979 2942 1029 2988 et
1049 2938 1236 2987 lambda
1254 2940 1403 2988 solum
1423 2941 1542 2988 adu-

472 3015 647 3066 latores
689 3020 740 3065 et
781 3030 945 3065 coruos
995 3015 1268 3066 discernunt
1285 3032 1302 3067 .·
1358 3017 1544 3080 Nempe

472 3092 601 3144 idem
634 3107 802 3143 corvus
830 3099 878 3143 et
912 3106 1080 3142 scurra
1115 3098 1402 3147 assentator.
1468 3095 1540 3144 Et

472 3171 687 3235 proprie
701 3168 989 3233 βωμολόχος
1007 3171 1107 3220 uris
1128 3171 1364 3221 insidians
1380 3187 1443 3220 ex
1451 3187 1541 3235 po-

472 3248 636 3302 nitur,
658 3255 717 3296 ut
741 3246 880 3308 apud
902 3245 1241 3297 Aristotelem
1264 3248 1317 3298 in
1339 3248 1541 3298 Ethicis

472 3323 928 3387 deprehendimus.
995 3320 1171 3373 Asilus
1210 3330 1383 3373 autem
1420 3339 1540 3373 cum

474 3400 661 3452 latim>
699 3403 720 3451 ι’
766 3400 1032 3464 siguificat
1076 3400 1339 3461 tabanum,
1383 3402 1541 3466 vulgo

473 3477 671 3528 dictum
705 3493 736 3527 a
772 3478 975 3528 Graecis
1011 3486 1246 3527 oestrum.
1295 3476 1448 3542 Virg.
1486 3478 1540 3527 iu

472 3556 673 3621 Georg.
702 3559 720 3585 ‘
744 3556 844 3607 Cui
869 3570 1054 3607 nomen
1090 3556 1218 3605 asilo
1249 3555 1538 3605 Romanum

474 3641 558 3685 est
578 3651 591 3682 t
612 3640 831 3684 oestrum
854 3633 1003 3683 Graii
1021 3640 1231 3682 vertere
1252 3640 1500 3681 vocantes
1520 3650 1536 3683 ι

473 3710 667 3775 Asper,
700 3709 886 3760 acerba
924 3722 1130 3770 sonans,
1168 3722 1268 3772 quo
1303 3714 1414 3757 tota
1447 3718 1537 3757 exa

473 3789 666 3839 territa
703 3783 897 3851 sylvis!
962 3786 1163 3850 Asylum
1199 3790 1373 3833 antem
1410 3784 1537 3835 illud

474 3867 630 3930 primi
652 3865 999 3916 Athenienses
1021 3872 1336 3915 statuerunt.
1369 3865 1537 3915 Maeli.

410 3964 415 3967 Α
477 3945 560 3995 De
581 3943 725 4006 asylo
741 3942 949 3992 Romuli
967 3941 1181 4007 ejusque
1197 3941 1394 4005 origiue
1408 3943 1539 3992 Con·

473 4019 632 4069 radus
665 4017 765 4069 hoc
800 4019 917 4068 loco
957 4019 1139 4075 multa,
1176 4018 1428 4084 pluraque
1468 4019 1535 4069 ad

476 4095 737 4145 AEmilium
758 4092 989 4145 Probum
1019 4093 1247 4160 Magius,
1281 4109 1397 4158 quae
1432 4109 1537 4144 nou

472 4171 735 4223 describo.
795 4169 934 4221 Vide
975 4177 1029 4220 et
1067 4171 1184 4222 Jac.
1221 4170 1536 4220 Durantium

470 4247 748 4298 'Variarum
771 4251 877 4297 1.1.
910 4251 967 4296 et
1000 4245 1317 4297 Ferrandum
1352 4244 1536 4296 Addu-

474 4335 652 4376 eusem
685 4325 778 4378 lib.
804 4339 869 4376 u.
904 4323 1089 4385 δῶρα.
1153 4324 1299 4373 Male
1333 4324 1537 4389 aliquot

1064 432 1067 437 ·
1167 418 1389 468 NOTAE
1439 417 1978 470 VAmoRUnsim

1616 563 1799 629 scripti
1839 563 2029 628 asilum,
2062 576 2181 612 cum
2204 562 2292 613 ‘hae
2326 575 2477 612 voces
2512 561 2684 613 debes

1616 648 1734 689 rent
1788 639 2055 703 distingui.
2122 638 2318 688 Evolve
2360 639 2561 688 comm.
2604 639 2673 688 ad

1618 716 1814 766 Lucan.
1839 729 1876 765 ι.
1896 720 1978 765 97.
2010 713 2194 765 Weitz.
2217 715 2282 763 ad
2300 715 2475 763 Valer.
2500 714 2676 763 Flacc.

1615 805 1703 842 ιιι.
1725 797 1842 842 681.
1870 802 1926 841 et
1947 794 2145 857 Dausq.
2167 791 2236 841 de
2259 790 2507 854 Orthogr.
2532 798 2674 855 part.

1614 882 1679 919 ιι.
1703 884 1755 931 p.
1776 873 1860 919 4⁶.
1876 869 2055 918 Arnen.

1677 947 1863 1010 Mag-no
1894 945 2108 996 exercitu
2128 945 2289 1009 sacto]
2320 945 2446 992 Moa-
2463 943 2679 994 exercitu

1601 1022 1740 1083 secto
1764 1024 1815 1073 in
1836 1024 1967 1074 Mss.
1989 1031 2089 1074 est.
2129 1023 2215 1073 Sic
2238 1023 2289 1071 in
2311 1021 2485 1072 Mario
2506 1022 2674 1086 loqui-

1616 1108 1701 1149 tur
1741 1107 1798 1151 et
1825 1101 2096 1151 Sallustius
2128 1099 2275 1149 libris
2309 1098 2678 1152 Historiarum,

1616 1177 1753 1241 quod
1777 1185 1832 1227 et
1859 1178 2060 1228 Seneca
2078 1178 2247 1240 Epist.
2265 1184 2364 1226 xx.
2382 1178 2497 1225 115.
2516 1175 2674 1223 adno-

1616 1254 1769 1304 tavit.
1803 1253 1992 1304 Sem.

1682 1333 1766 1396 §2
1791 1329 1951 1381 Ludos
1974 1331 2250 1396 Consualia]
2285 1330 2508 1379 Varroni
2532 1335 2549 1359 ·
2564 1327 2684 1378 dic-'

1615 1411 1670 1456 ta
1705 1422 1736 1456 a
1766 1409 1959 1469 Conso,
1980 1408 2116 1472 quod
2140 1418 2246 1457 tum
2270 1405 2420 1458 feria
2444 1402 2687 1470 publica·

1614 1483 1664 1532 ei
1698 1484 1841 1542 Deo,
1875 1493 1930 1533 et
1966 1486 2018 1534 iu
2056 1484 2199 1533 circo
2235 1484 2299 1531 ad
2336 1495 2478 1532 aram
2513 1481 2620 1543 ejus
2646 1495 2677 1529 a

1613 1560 1970 1611 sacerdotibus
2011 1560 2142 1611 fiunt
2185 1560 2293 1611 ludi
2331 1559 2442 1620 mig
2489 1558 2677 1627 quibus

1616 1637 1842 1702 virgines
1860 1637 2069 1688 Sabinae
2094 1637 2298 1702 raptus.⁹
2327 1638 2479 1688 Titus
2497 1636 2675 1686 Livius

1616 1713 1838 1763 Consum
1862 1720 1878 1742 ⁸
1900 1714 2207 1779 Neptunum
2235 1721 2529 1778 equestrem
2545 1711 2561 1734 ’
2585 1725 2679 1775 ap-

1616 1789 1799 1852 pellat.
1833 1789 2110 1840 Plutarch.
2141 1791 2159 1819 ‘
2182 1790 2345 1840 Fama
2366 1793 2451 1838 est
2484 1786 2682 1837 Romu·

1614 1868 1720 1917 lum
1757 1881 1896 1916 aram
1932 1867 2204 1918 condimur
2228 1867 2326 1917 sub
2360 1874 2505 1915 terra
2533 1865 2679 1913 inve·

1613 1945 1774 2007 nisse,
1803 1949 1860 1994 et
1891 1958 1924 1993 a
1957 1945 2169 1994 consilio
2209 1957 2399 1994 nomeu
2436 1941 2682 2005 inditum,

1615 2019 1753 2085 quod
1795 2021 2119 2070 consiliarius
2160 2019 2315 2081 foret,
2356 2019 2465 2070 sive
2504 2016 2684 2083 quod,’

1615 2098 1715 2145 διο.
1750 2094 1818 2145 de
1842 2096 2027 2161 quibus
2050 2095 2199 2163 p'lura
2222 2095 2360 2159 apud
2386 2095 2602 2159 Dionys.
2622 2102 2681 2144 et

1615 2170 1837 2221 eundem
1873 2172 2021 2223 Plut.
2054 2173 2191 2235 lege.
2228 2170 2396 2221 Macte.
2446 2171 2463 2199 ⁸
2484 2170 2682 2219 Consa-

1613 2246 1717 2297 lia'
1750 2257 1901 2298 vocat
1924 2249 2067 2298 Plnt.
2089 2250 2292 2301 Quoest.
2317 2247 2469 2298 Rom.
2498 2246 2579 2294 De
2600 2246 2682 2296 his

1614 2324 1868 2388 legendus
1889 2325 2110 2376 Tertull.
2134 2324 2267 2374 libro
2297 2322 2364 2373 (le
2393 2323 2681 2387 Spectacu-

1616 2401 1680 2450 lis
1718 2408 1771 2449 et
1817 2400 1952 2449 idem
1996 2401 2141 2451 Plut.
2185 2401 2239 2449 in
2285 2390 2523 2449 Rom‘ulo.
2607 2397 2681 2448 Hi

1615 2478 1796 2543 Magni
1819 2478 1953 2529 Ludi
1976 2480 2135 2528 etiam
2164 2477 2450 2542 appellatix
2485 2475 2681 2540 Virgil-

1615 2555 1631 2582 ‘
1656 2557 1855 2620 magnis
1886 2555 2223 2605 Circensibus
2260 2554 2391 2603 actis
2408 2550 2445 2603 ι’
2476 2566 2594 2602 nam
2623 2559 2683 2601 et
2718 2564 2724 2571 ·

1617 2633 1890 2684 Circenses
1945 2632 2102 2683 iidem
2156 2639 2420 2680 vocantur.
2451 2692 2457 2697 η
2484 2626 2678 2679 Ascon.

1618 2709 1771 2759 Verr.
1807 2723 1869 2758 ιι.
1910 2709 2129 2772 Dionys.
2172 2709 2310 2772 Ἀρχ.
2342 2706 2480 2767 Ῥωμ.
2506 2719 2546 2754 1.
2566 2706 2641 2755 ait
2661 2721 2680 2757 t

1613 2785 1728 2834 ‘his
1762 2785 1902 2834 ludis
1940 2786 2191 2834 immunes
2222 2785 2290 2833 ab
2325 2796 2485 2847 opere
2520 2796 2683 2847 equos

1616 2869 1673 2911 et
1694 2861 1859 2910 mulos
1892 2859 2073 2918 fuisse,
2104 2860 2447 2924 coronarique
2467 2856 2682 2908 floribus

1615 2932 1836 2987 solitos)
1903 2938 2090 2987 Exstat
2121 2938 2314 2986 veteris
2351 2934 2526 3000 poeta
2563 2949 2682 2984 car·

1616 3030 1734 3067 men
1759 3014 1897 3078 apud
1919 3016 2147 3066 Nouium
2169 3012 2481 3063 Marcellum
2508 3011 2526 3040 ⁴
2551 3011 2680 3059 Cer-

1617 3091 1800 3142 nuus:’
1841 3091 1962 3143 ‘Ibi
2008 3099 2244 3156 pastores
2290 3087 2441 3138 ludos
2479 3084 2683 3137 faciunt

1615 3169 1794 3219 cernui
1822 3167 2134 3219 Consualia!
2200 3165 2373 3229 Vulgo
2406 3165 2540 3213 male
2574 3162 2688 3213 Sibi

1609 3250 1828 3309 pastores
1865 3258 1960 3308 pro
1997 3243 2104 3292 Ibi.-
2159 3250 2215 3291 et
2255 3239 2492 3304 Scaliger
2534 3240 2682 3288 coriis

1620 3320 1874 3371 cmuazia
1892 3320 2096 3383 reponit
2113 3318 2178 3368 ad
2199 3318 2408 3367 Festum
2428 3317 2480 3364 in
2503 3317 2520 3344 ‘
2540 3317 2682 3365 coin·

1617 3397 1802 3463 quire.’
1832 3398 2022 3448 Schott.
2072 3395 2204 3445 Vide
2225 3394 2394 3445 Gron.
2415 3393 2479 3443 ad
2502 3394 2615 3443 Liv.
2639 3408 2681 3445 1.

1615 3478 1665 3523 9.
1691 3487 1834 3524 xxx.
1856 3477 1938 3523 39.
1955 3482 2009 3523 et
2028 3473 2210 3521 Burm.
2231 3468 2298 3518 ad
2313 3469 2532 3520 Quintil.
2550 3469 2684 3519 Inst-

1616 3552 1771 3603 Orat.
1793 3567 1833 3603 1.
1859 3559 1909 3603 5.
1945 3568 1996 3617 p.
2017 3556 2100 3602 65.
2136 3550 2300 3599 minus
2336 3557 2484 3599 recte
2518 3549 2680 3613 igitur

1621 3629 1876 3678 Consuules
1897 3637 1977 3677 est
2002 3629 2053 3676 in
2079 3626 2152 3676 H.
2181 3626 2356 3676 Amtz.

1687 3705 1916 3767 Virgines
1936 3710 2089 3768 rupta
2109 3703 2245 3769 sunt]
2279 3703 2547 3753 Parisinus
2568 3717 2680 3766 cap·

1612 3790 1695 3834 toe.
1750 3786 1938 3835 Festus
1973 3791 2155 3833 auctor
2188 3791 2266 3831 est
2303 3781 2529 3845 virgines
2553 3780 2680 3830 inde

1615 3868 1857 3925 tanquam
1881 3875 1946 3909 ex
1971 3860 2168 3924 gremio
2203 3857 2382 3927 matris
2415 3858 2528 3920 rapi
2557 3858 2679 3906 soli·

1613 3938 1714 3986 tas.
1780 3937 2048 3987 Catullus:
2087 3935 2105 3963 ‘
2130 3935 2234 3986 Qui
2268 3933 2409 3997 rapis
2443 3936 2678 3983 teneram

1610 4013 1675 4062 ad
1699 4011 1864 4060 virum
1883 4008 2189 4075 Virginem-⁹
2223 4009 2343 4060 Qua
2363 4007 2427 4056 de
2447 4022 2503 4056 re
2521 4007 2678 4058 docte

1612 4088 1845 4142 Jacobus
1888 4085 2199 4147 Raevardus,
2236 4084 2315 4133 vir
2351 4083 2675 4134 illustrandae

1603 4165 2035 4232 jurisprudentia
2086 4170 2259 4223 natus,
2301 4168 2357 4210 et
2406 4161 2678 4211 immatura

1609 4248 1777 4294 morte
1801 4248 2106 4305 prereptus,
2131 4238 2196 4289 ad
2227 4239 2394 4302 legem
2430 4250 2534 4290 xn.
2564 4239 2679 4289 tab.

1613 4336 1662 4374 c.
1689 4323 1776 4371 21.
1807 4319 1995 4371 Schott.
2016 4325 2073 4369 et
2094 4314 2256 4366 Anna.
