3025 4934
721 430 1006 482 Aunssn.
1040 429 1240 480 vlo‘r.
1290 429 1701 494 nrrrosmrs,
1747 413 1913 481 osi».
1960 431 2123 484 xm.

301 582 455 629 tuum
494 574 617 626 Nou
652 574 980 627 meminisse?
1059 577 1205 629 Dict.
1243 578 1370 628 Cre·

303 652 471 702 tensis
493 651 558 702 de
580 652 716 702 Bell.
740 652 973 716 Trojano
996 668 1086 705 ιιι.
1108 659 1192 706 21.
1227 664 1244 687 ‘
1265 654 1312 705 N
1318 668 1377 703 e·

298 743 406 793 que
429 728 639 778 dubium
660 727 920 793 cuiquam,
939 730 1064 794 quin
1084 728 1371 781 contemtui

297 805 374 854 sit
410 803 775 854 adolescentia
805 816 1021 855 senecta
1043 805 1214 857 aetss!
1273 807 1370 856 Su·

298 896 399 945 pru
417 880 487 932 de
506 881 701 932 Caessr.
723 895 771 932 c.
785 887 834 932 6.
851 883 880 946 §
900 887 980 933 16.
1011 884 1028 912 ‘
1045 884 1369 947 Quamquam

296 965 519 1007 senecta
553 964 715 1007 aetute
749 958 952 1021 inperio
982 968 1228 1023 correpto
1249 958 1368 1008 sub-
1402 945 1409 952 ’

298 1032 569 1085 venisset?
635 1034 848 1084 Servius
870 1035 937 1083 ad
961 1035 1146 1097 virgil.
1171 1034 1286 1085 AEn.
1311 1047 1365 1084 v.

296 1114 418 1162 758.
452 1111 468 1136 ‘
492 1112 770 1160 Senatores
792 1118 967 1160 autem
992 1112 1083 1160 ulii
1101 1126 1133 1161 u
1155 1118 1368 1161 senects

299 1193 486 1243 aetste,
517 1194 578 1236 ut
615 1187 795 1237 Groeci
827 1186 1098 1251 γερουσίαν,
1132 1185 1365 1239 dicuntz'

292 1272 355 1316 et
377 1266 443 1315 ad
469 1279 552 1316 xi.
573 1270 686 1318 198.
722 1266 897 1317 Arntz.

366 1343 504 1392 cn.
537 1355 651 1393 xm.
682 1345 710 1407 §
743 1346 776 1392 2
811 1345 970 1395 Annis
1001 1343 1231 1417 triginta]
1261 1344 1363 1395 Aus-

293 1433 385 1467 rsos
404 1418 573 1468 edidit
592 1420 862 1484 Schottus,
884 1421 1037 1471 aliter
1059 1435 1123 1471 sc
1145 1430 1363 1473 vetuste

293 1494 557 1544 editiones
577 1502 632 1544 et
653 1496 783 1546 Mss.
813 1495 990 1547 Arntz.

366 1571 568 1622 Publica
598 1571 847 1635 jumenta]
902 1575 1077 1638 Equos
1123 1575 1362 1637 publicos

293 1648 473 1697 cursui
497 1648 808 1712 deputstosz
852 1649 988 1699 sicut
1010 1652 1164 1709 idem,
1184 1659 1243 1701 ut
1268 1666 1364 1714 pu-

290 1732 373 1780 to,
410 1725 794 1778 ‘Constantinus
838 1725 1064 1791 loquitur
1105 1727 1156 1774 in
1208 1728 1363 1776 titulo

291 1804 307 1829 ‘
331 1802 401 1850 de
424 1815 576 1851 cursu
601 1801 807 1865 publico
824 1800 862 1851 ε’
893 1802 980 1866 qui
1004 1810 1088 1852 est
1111 1802 1363 1868 quinqua-

288 1879 524 1941 gesimus
560 1879 757 1943 primus
797 1877 914 1929 libri
948 1879 1241 1929 duodecimi
1275 1894 1362 1929 co·

289 1956 427 2004 dicis
461 1954 779 2006 Justiniani:
835 1964 892 2005 et
929 1970 1056 2021 quos
1094 1956 1362 2019 appellare

290 2040 308 2063 ⁸
327 2032 613 2096 dispositos
634 2030 823 2092 equos’
860 2031 1065 2083 videtur
1088 2032 1244 2083 Titus
1275 2033 1362 2081 Li·

287 2109 407 2157 vius
444 2106 578 2158 libro
614 2109 877 2159 tricesimo
911 2111 1154 2172 septimo.
1199 2109 1360 2159 Viset-

180 2176 187 2181 ’
289 2187 429 2238 Qu'ae
462 2185 527 2234 sd
559 2184 863 2235 historicam
891 2187 1165 2235 veritatem
1196 2188 1361 2251 perti-

286 2269 423 2318 nent
454 2262 713 2312 illustrata
753 2263 984 2327 reperies
1023 2264 1160 2326 spud
1201 2266 1359 2313 inter·

287 2345 471 2402 pretes
494 2338 558 2387 sd
583 2339 825 2388 Lactsut.
846 2338 914 2390 de
938 2340 1200 2389 Mortibus
1228 2340 1358 2389 Per·

288 2430 401 2465 sec.
420 2430 471 2465 c.
489 2420 574 2466 24.
606 2415 779 2465 Arntz.

359 2492 565 2555 Quaqua
584 2493 679 2541 iter
698 2491 889 2555 ageret]
925 2491 1056 2542 Hac
1088 2507 1119 2541 s
1140 2493 1358 2546 Victore

284 2567 588 2631 desumpta,
611 2569 763 2633 siqui
787 2567 921 2618 forte
943 2582 1247 2630 comparare
1270 2586 1358 2621 ve·

193 2653 202 2659 ’
286 2645 376 2705 lit,
395 2645 489 2694 uisi
526 2644 664 2710 quod
694 2645 810 2694 vitoe
845 2645 1014 2695 ultima
1044 2645 1251 2708 agebunt
1283 2648 1358 2697 le-

282 2723 386 2785 git.
453 2722 621 2772 Porro
652 2722 853 2778 Eram,
892 2723 1071 2772 Crocus
1111 2722 1358 2773 Aleman-

282 2813 472 2849 norum
510 2813 603 2849 rex
638 2799 691 2847 in
731 2798 863 2849 Mss.
898 2799 1212 2863 appellatur.
1286 2801 1359 2850 Et

283 2876 415 2925 idem
448 2889 541 2940 pro
571 2878 713 2926 item.-
770 2875 856 2925 Ita
890 2882 1147 2939 perpetuo
1166 2876 1356 2926 Medio·

280 2956 470 3005 mim
489 2968 582 3004 sex
603 2953 820 3018 syllabis
843 2954 1093 3017 scriptum
1126 2955 1356 3018 repperi.

281 3031 531 3082 Selium.
593 3031 851 3081 Dedimus
881 3046 1086 3096 quoque
1114 3030 1210 3081 boc
1238 3032 1354 3082 loco

176 3129 183 3133 ·
281 3117 578 3159 nostrorum
612 3110 771 3160 etism
809 3109 1045 3160 codicum
1081 3116 1138 3160 et
1170 3109 1353 3159 editio-

278 3201 409 3237 num
446 3187 731 3250 priscarum
763 3187 1092 3250 scripturam,
1122 3201 1219 3249 pro
1252 3201 1354 3251 qus

279 3264 552 3321 Schottus,
594 3279 779 3328 quaque
818 3264 916 3314 iter
946 3268 1131 3325 ageret,
1165 3263 1352 3329 interfi-

276 3342 429 3391 ciens.
516 3341 623 3391 Sed
676 3342 821 3391 situm
873 3337 1163 3403 interponit
1214 3344 1350 3391 solus

277 3416 467 3469 Guelf.
521 3418 728 3467 Deinde
772 3418 923 3466 croco
967 3417 1165 3466 malunt
1207 3425 1350 3466 uter·

277 3508 389 3558 que
426 3494 574 3544 Leid-
652 3493 791 3543 Iden
825 3492 948 3542 olim
987 3492 1135 3546 editi.
1169 3492 1349 3544 Guelf.

276 3579 340 3622 et
382 3571 530 3621 Leid.
569 3572 732 3634 prior,
767 3570 856 3635 qui
899 3584 1020 3620 mox
1058 3569 1347 3621 Mediolani-

273 3661 380 3698 sms.
435 3648 686 3712 Sequenti
709 3660 860 3696 versu
882 3661 976 3711 pro
991 3646 1191 3707 hisdem,
1208 3647 1347 3710 quod

275 3723 573 3789 praeferunt
604 3724 860 3774 editiones
894 3731 951 3773 et
982 3738 1162 3772 omnes
1193 3739 1347 3773 mauu

274 3802 461 3863 scripti
481 3799 637 3850 codd.
659 3809 963 3862 reposuerat
985 3799 1235 3850 Schottus
1254 3801 1346 3849 eis·

270 3879 404 3939 deni,
434 3877 586 3939 plane
623 3887 684 3927 ut
713 3880 742 3943 §
768 3882 820 3927 4.
854 3879 870 3905 ‘
892 3876 1094 3927 hisdem
1131 3876 1350 3938 diebus‚’

270 3966 434 4017 quam
479 3950 696 4002 formam
742 3953 795 4002 in
839 3951 1148 4015 posterioris
1199 3958 1347 4002 certe

270 4028 380 4079 seri
429 4028 771 4092 scriptoribus
812 4030 948 4079 mule
991 4028 1144 4093 rejici
1187 4035 1243 4078 et
1292 4029 1344 4078 in

163 4121 179 4128 ·
264 4107 446 4170 iisdem
465 4106 659 4155 mutsri
682 4106 942 4157 existimo.
1007 4107 1198 4171 Dictys
1220 4107 1346 4157 Cre·

269 4184 441 4234 tensis
463 4182 530 4231 de
554 4183 705 4233 Bello
724 4184 952 4247 Trojano
975 4197 1040 4234 ιι.
1063 4188 1146 4235 42.
1186 4186 1202 4212 ‘
1221 4183 1343 4233 His·

267 4261 399 4311 dem
429 4256 541 4308 fere
570 4258 751 4309 diebus
775 4259 977 4311 barbari
1004 4274 1257 4324 paravere
1289 4275 1343 4310 e·

265 4339 579 4406 ruptionem
596 4336 643 4394 ε’,
664 4346 719 4388 et
741 4351 834 4391 ιιι.
857 4343 906 4389 1.
939 4345 955 4368 ‘
981 4338 1200 4392 Eisdem
1232 4337 1344 4390 fere

2380 416 2514 490 835

1445 573 1629 625 diebus
1650 574 1859 626 nuntius
1879 579 2188 640 apportatur
2202 572 2236 626 ε’
2267 574 2342 626 its
2374 590 2516 640 prm·

1444 649 1550 701 fert
1570 652 1771 716 optimu
1803 651 2054 715 Stephani
2084 649 2169 702 ed.
2206 666 2357 715 qusm
2385 667 2513 718 neg·

1442 728 1623 780 lesere
1661 728 1998 791 posteriores.
2084 725 2286 777 Plinius
2342 728 2511 792 Epist.

1439 818 1538 859 ιιι.
1565 809 1617 856 4.
1655 814 1672 837 ·
1696 805 2019 858 Recordarer
2055 813 2250 870 qusuts
2282 819 2375 868 pro
2407 805 2512 856 bis-

1444 881 1563 931 dem
1585 883 1802 932 Boeticis
1824 884 2059 946 periculs
2079 880 2351 931 subiissem
2367 881 2410 931 ε’.
2433 882 2513 933 sic

1441 958 1607 1009 bsbet
1640 958 1807 1009 codex
1842 960 2089 1022 scriptus,
2114 958 2194 1008 uti
2230 959 2402 1022 Epist.
2427 971 2511 1009 ιν.

1444 1040 1527 1086 ts.
1551 1036 1903 1102 ‘Hisdemque
1923 1038 2106 1101 religio
2121 1035 2392 1087 addatur?
2416 1037 2513 1090 sed

1443 1112 1531 1162 sdi
1550 1112 1935 1163 Broukhusium
1959 1112 2023 1163 ud
2049 1114 2299 1175 Propert.
2321 1114 2403 1164 El.
2428 1127 2511 1163 ιν.

1440 1193 1492 1239 7.
1513 1194 1566 1238 7.
1590 1191 1677 1255 qui
1715 1190 1783 1240 ibi
1807 1190 1995 1247 edidit,
2033 1197 2048 1220 ⁶
2076 1190 2295 1241 Eosdem
2329 1190 2510 1240 hebuit

1436 1281 1637 1330 seeum,
1679 1267 1865 1332 quibus
1918 1273 2000 1317 est
2052 1268 2209 1324 cleta,
2254 1266 2510 1329 capillos)

1439 1342 1554 1405 Ego
1571 1343 1864 1392 maluissem
1886 1345 2076 1394 hosdem
2097 1344 2344 1394 retinere.
2388 1343 2510 1393 Alis

1441 1418 1652 1468 Cortius
1686 1418 1752 1467 sd
1786 1419 2001 1469 Sallust.
2034 1418 2188 1469 Cutil.
2225 1433 2271 1468 c·
2299 1422 2381 1468 18.
2401 1420 2432 1483 §
2457 1422 2507 1468 1.

1439 1493 1640 1545 Postea
1682 1503 1826 1545 recte
1864 1493 2238 1559 per-urguebant,
2275 1494 2504 1566 interpof

1438 1572 1539 1620 situ
1576 1574 1761 1634 vocali,
1801 1572 2059 1637 quomodo
2097 1579 2153 1621 et
2189 1569 2325 1621 iufrs
2361 1571 2504 1624 idem

1438 1649 1533 1698 lib.
1563 1664 1681 1713 csp.
1703 1651 1837 1714 43.§
1862 1654 1913 1699 2.
1988 1648 2204 1699 Dudum
2237 1653 2339 1711 est,
2362 1647 2505 1713 quod

1438 1740 1684 1776 monuere
1717 1727 1811 1776 viri
1846 1725 1991 1776 docti
2031 1727 2106 1775 its
2133 1738 2251 1776 esse
2272 1723 2505 1774 seriben-

1438 1802 1582 1865 dum,
1618 1810 1678 1853 ut
1711 1804 1761 1852 iu
1794 1804 2004 1867 optimis
2043 1801 2336 1868 quibusque
2368 1801 2504 1852 Mss-

1438 1885 1495 1928 et
1525 1879 1578 1927 iu
1610 1878 1737 1943 ipsis
1771 1877 2054 1928 Pundectis
2083 1876 2396 1928 Florentinis
2421 1891 2502 1926 re-

1439 1957 1658 2020 peritur.
1746 1955 1881 2004 vide
1922 1955 2156 2005 Pierium
2202 1955 2268 2003 ud
2313 1953 2503 2015 Virgil-

1438 2033 1637 2097 Geor‘.
1660 2045 1752 2083 ιιι.
1774 2035 1891 2082 200.
1918 2037 1975 2082 et
2007 2028 2122 2082 AEu'.
2147 2044 2187 2079 1.
2214 2033 2328 2080 116.
2359 2024 2502 2082 Rho·-

1437 2109 1580 2159 dium
1604 2108 1670 2159 sd
1704 2108 1942 2159 Scribon.
1976 2108 2199 2171 Largum
2220 2121 2392 2168 comp·
2413 2110 2501 2156 66.

1434 2185 1748 2236 Scriverium
1783 2186 1849 2234 sd
1891 2184 2080 2248 Veget.
2116 2183 2183 2233 de
2221 2184 2298 2234 Re
2336 2183 2502 2233 Milit.

1435 2275 1527 2312 ιιι.
1551 2265 1630 2312 17.
1658 2261 1749 2312 lib.
1769 2274 1826 2310 v.
1859 2274 2015 2323 cspp.
2033 2263 2085 2309 7.
2116 2266 2172 2309 et
2203 2263 2286 2310 11.
2315 2259 2501 2309 Schot-

1434 2348 1546 2390 tum
1580 2353 1698 2402 esp.
1727 2342 1813 2388 42.
1850 2338 1878 2403 §
1915 2340 1996 2387 14.
2041 2336 2389 2386 Muuckerum
2430 2335 2498 2386 sd

1431 2415 1696 2479 Fulgentii
1719 2413 1943 2479 Mytbol.
1963 2425 2053 2464 ιιι.
2076 2416 2125 2462 7.
2158 2411 2500 2479 Oudendorp.

1431 2493 1497 2541 ud
1523 2493 1719 2542 Lucan.
1738 2505 1780 2541 ι.
1800 2492 1914 2542 147.
1944 2487 2118 2540 Antz.

1496 2571 1527 2633 ς
1548 2573 1582 2620 4
1605 2568 1870 2631 Ρίιὶιιιιιᾳιω
1889 2580 2029 2616 susus
2046 2564 2272 2627 Crispum
2285 2565 2497 2630 ιιοιιιίιιι]

1430 2644 1537 2696 Alii
1561 2653 1734 2695 tamen
1768 2644 2053 2707 legitimam
2087 2654 2303 2691 uxorem
2335 2639 2495 2691 fuisse

1430 2722 1781 2771 Minervinsm
1809 2720 2090 2782 scripsere,
2111 2716 2180 2766 de
2215 2731 2317 2781 qus
2339 2732 2396 2767 re
2419 2718 2495 2766 vi·

1430 2798 1632 2850 dendus
1651 2794 1993 2861 Spsnbemins
2015 2794 2083 2843 ad
2112 2791 2313 2845 Juliuui
2337 2789 2493 2841 Orat·

1426 2890 1472 2927 ι.
1493 2892 1547 2939 p.
1567 2879 1654 2925 64.
1674 2874 1849 2925 Arntz.

1493 2954 1525 3017 §
1545 2957 1577 3001 ὅ
1608 2949 1905 3014 Desidiam]
1945 2946 2220 2999 Discidium
2255 2945 2493 2996 disertius

1426 3030 1559 3080 Mss.
1573 3028 1641 3078 de
1663 3029 1810 3092 cujus
1830 3026 1970 3076 vocis
1993 3024 2260 3087 elegantis
2274 3013 2493 3073 Gabriel

1426 3106 1659 3158 Faernus
1677 3106 1742 3155 ad
1765 3104 2086 3154 Terentium.
2102 3100 2291 3151 Schott·
2357 3097 2493 3149 Lue-

1426 3185 1624 3235 tsntius
1643 3182 1814 3233 Divin.
1832 3179 2079 3228 lust-vu·
2095 3180 2145 3226 3.
2161 3180 2175 3205 ‘
2191 3174 2489 3242 Seminibus

1422 3263 1564 3313 inter
1594 3276 1650 3310 se
1688 3259 1877 3323 passim
1913 3254 2255 3307 coeuntibust
2288 3252 2482 3318 quibus

1424 3340 1613 3389 iterum
1638 3335 1894 3393 resolutis,
1916 3330 2191 3383 discidium
2216 3339 2374 3395 utque
2399 3330 2482 3380 in·

1425 3416 1639 3466 teritum
1657 3421 1954 3464 secuturum
1973 3410 2005 3460 τ’
2027 3409 2103 3459 sic
2116 3407 2356 3473 equidem
2376 3423 2484 3458 mu·

1420 3492 1510 3543 lim
1531 3492 1625 3550 ibi,
1642 3505 1748 3541 non
1769 3502 1886 3540 cum
1908 3486 2063 3538 editis
2083 3485 2354 3536 dissidium.
2383 3486 2480 3535 So·

1421 3570 1560 3620 linus
1577 3568 1758 3631 Polyh-
1781 3581 1830 3618 ο.
1847 3570 1894 3615 1.
1908 3579 1962 3629 p.
1979 3567 2029 3613 7.
2049 3563 2064 3591 ‘
2081 3561 2229 3612 Inter
2252 3562 2478 3626 plurima

1420 3648 1564 3699 humi
1603 3643 1879 3697 discidisz'
1924 3639 2028 3694 ubi
2050 3641 2360 3706 Gryphisna
2399 3640 2487 3689 ed.

1420 3726 1560 3790 mule
1581 3725 1780 3775 dissidia
1795 3739 1818 3784 ,-
1849 3721 1942 3772 sed
1966 3720 2093 3771 talis
2117 3719 2381 3783 exemplu,
2397 3719 2485 3768 ubi

1422 3802 1535 3852 baec
1578 3799 1983 3861 confunduntur,
2028 3796 2299 3845 innumera
2340 3801 2483 3843 sunt.

1421 3880 1500 3929 Es
1523 3879 1699 3927 multis
1710 3877 1890 3939 sccipe
1906 3887 2086 3939 peuce.
2152 3870 2482 3921 Commenta·

1421 3963 1563 4006 tores
1584 3953 1650 4003 sd
1664 3954 1905 4004 Ciceron.
1931 3964 2029 4014 pro
2055 3947 2231 4009 Ligur.
2253 3960 2407 4009 capp.
2434 3948 2487 3996 2.

1421 4041 1479 4082 et
1502 4036 1552 4081 6.
1585 4037 1642 4081 et
1676 4031 1833 4082 Orat.
1874 4027 2012 4078 Phil.
2046 4037 2110 4075 ιι.
2144 4026 2193 4072 8.
2228 4022 2293 4071 sd
2322 4021 2485 4073 Ovid.

1418 4109 1557 4160 Met.
1593 4121 1718 4158 xlv.
1748 4111 1833 4158 79.
1868 4101 2115 4155 Burtbius
2149 4105 2203 4150 et
2234 4090 2481 4150 Heinsius

1420 4184 1486 4234 sd
1509 4183 1785 4233 Claudian.
1800 4180 1938 4231 Bell.
1954 4177 2099 4227 Gild.
2120 4188 2196 4225 vs.
2212 4177 2330 4224 241.
2344 4174 2481 4225 Gro-

1417 4276 1535 4311 nov.
1559 4260 1625 4310 sd
1649 4257 2016 4310 Liv.xxv.18.
2039 4250 2397 4302 Broukbusius
2408 4252 2475 4303 sd

1419 4338 1674 4404 Propert.
1693 4336 1776 4388 ΕΙ.
1795 4347 1863 4386 ιι.
1884 4335 1963 4381 19.
1986 4333 2066 4380 16.
2088 4337 2146 4379 et
2178 4326 2246 4378 sd
2281 4327 2471 4381 Tibull.
