3025 4934
405 375 538 467 468

475 535 624 585 Circo
646 533 870 601 Numici]
901 533 1120 585 Numidi
1137 532 1469 585 scribendum

402 612 507 675 bic,
531 618 588 662 et
611 619 729 676 post
751 612 924 677 paullo
948 610 1175 662 videtur.
1239 614 1256 641 ⁴
1283 610 1469 661 Numi-

403 687 548 740 cius'
583 690 721 739 enim
754 705 785 739 a
822 689 995 740 Plinio
1020 700 1105 739 ιιι.
1128 694 1177 739 6.
1212 696 1273 739 ει
1307 686 1468 739 ovid.

403 767 759 832 Metamorpb.
778 765 965 819 fluvius
986 768 1075 817 iile
1099 774 1332 817 vocatur.
1383 764 1467 816 Ab

404 845 800 896 Halicarnasseo
827 845 1040 907 ποταμὸς
1053 843 1294 909 Νομίκιος,
1317 842 1468 907 cujus

400 920 628 972 mediam
649 920 900 986 syllabam
922 923 992 971 mi
1019 921 1272 972 Horatius
1294 920 1467 984 Epist.

404 1010 444 1048 ι.
470 1002 551 1048 18.
572 1001 657 1047 20.
694 1005 888 1062 preter
921 997 1370 1062 grammaticorum
1394 996 1467 1045 le·

403 1088 523 1138 gem
544 1074 834 1137 corripuit3
869 1088 1021 1137 quam
1054 1073 1178 1124 alibi
1215 1073 1353 1123 idem
1375 1086 1466 1122 ex-

401 1150 606 1201 tendit:
639 1151 1000 1202 ‘Brundisium
1035 1149 1248 1202 Numici
1282 1150 1467 1200 meiius

404 1230 491 1278 via
512 1228 673 1278 ducat
710 1242 778 1277 an
800 1226 979 1292 Appi!
1012 1228 1201 1278 Seium.
1268 1224 1466 1277 Eodem

399 1304 556 1354 niodo
578 1305 654 1354 nti
675 1305 757 1356 bic
774 1304 1121 1355 emendarunt
1139 1304 1234 1355 viri
1255 1303 1467 1367 eruditi,

401 1381 561 1431 etiam
594 1381 733 1444 apud
771 1381 973 1432 Livium
1013 1395 1053 1431 1.
1085 1386 1134 1431 2.
1185 1379 1468 1430 Numicium

400 1471 497 1522 pro
537 1459 792 1507 Numicum
833 1463 1182 1522 reposuerunt
1219 1457 1469 1509 Glarean-

400 1539 457 1583 et
480 1534 750 1596 Sigonius:
789 1535 925 1599 quod
944 1536 995 1583 iu
1018 1535 1107 1584 illo
1121 1540 1331 1584 auctore
1350 1548 1466 1599 pos·

399 1626 507 1662 sem
528 1611 690 1678 ferre,
706 1612 795 1664 sed
821 1613 957 1679 apud
982 1614 1228 1663 Nostrum
1245 1627 1339 1662 cur
1354 1625 1466 1662 tnn-

399 1698 527 1744 tem,
556 1704 724 1740 causae
756 1690 830 1739 nil
865 1690 1034 1751 video,
1063 1689 1150 1754 qui
1180 1687 1296 1737 fere
1318 1688 1464 1754 sequi

396 1766 583 1830 poiitas
600 1768 752 1817 sciet.
817 1766 891 1815 Hi
917 1768 1052 1815 enim
1070 1765 1355 1816 secundnm
1382 1780 1465 1816 ca·

397 1840 509 1893 sum
536 1841 763 1893 formant
780 1842 978 1891 Numici
995 1843 1076 1890 vei
1095 1856 1125 1890 a
1145 1841 1466 1893 nominativo

399 1919 656 1968 Numicus
683 1919 764 1967 vel
788 1925 934 1968 certe
951 1922 1220 1968 contracte
1236 1930 1331 1980 pro
1357 1916 1465 1966 Νιι-

395 1994 548 2043 micii.
614 1992 753 2043 vide
776 1994 899 2042 talia
917 1995 1037 2043 loca
1066 1994 1202 2056 apud
1226 1994 1322 2043 Sil.
1344 1994 1467 2043 Ital·

395 2068 490 2117 lib.
514 2082 551 2118 1.
583 2084 658 2120 vs.
676 2072 793 2118 666.
818 2069 1053 2118 Emmeu.
1086 2068 1150 2118 ad
1179 2069 1324 2132 Virg.
1344 2069 1464 2119 AEn.

395 2158 505 2195 vu.
525 2148 640 2196 150.
663 2154 721 2195 et
742 2144 1024 2195 Cellarium
1049 2146 1103 2194 in
1118 2145 1318 2209 Geogr.
1339 2147 1466 2196 Vct.

394 2235 460 2272 ιι.
482 2226 532 2271 9.
552 2236 602 2285 p.
629 2226 744 2272 603.
781 2229 795 2251 ⁴
815 2222 1094 2273 Numicum
1114 2222 1131 2245 ’
1152 2230 1327 2273 tamen
1351 2223 1465 2274 siue

396 2299 710 2364 interposito
746 2299 769 2348 ἰ
803 2299 942 2350 bunc
981 2299 1194 2349 fluvium
1235 2300 1466 2353 nominat

393 2377 599 2426 Solinus
624 2377 677 2426 iu
714 2377 901 2443 Polyb.
925 2392 972 2427 c.
996 2389 1059 2425 ιι.
1083 2391 1136 2441 p.
1160 2381 1240 2426 10.
1275 2383 1290 2406 ‘
1309 2377 1463 2441 Apud

394 2452 675 2502 Numicum
714 2466 898 2516 parere
935 2450 1198 2502 desivitz’
1244 2452 1319 2502 sic
1358 2466 1466 2501 ser-

395 2539 523 2578 vant
546 2528 669 2580 edd.
692 2544 821 2593 quas
840 2529 968 2593 vidi,
990 2537 1047 2579 et
1070 2535 1324 2593 excerpta
1342 2530 1464 2581 cod.

393 2605 498 2654 Ms.
535 2603 689 2669 Apud
710 2605 917 2655 Vibium
936 2620 1139 2671 quoque
1154 2606 1278 2673 Seq.
1303 2622 1356 2672 p.
1376 2611 1460 2658 60.

393 2689 410 2710 ‘
437 2683 691 2733 Numicus
715 2682 769 2732 in
790 2696 914 2745 agro
937 2684 1220 2733 Laurenti.
1206 2683 1242 2712 ·’
1264 2697 1363 2733 nec
1380 2698 1463 2733 re-

395 2758 541 2809 cedit
567 2759 799 2816 Servius,
820 2760 910 2824 qni
933 2760 1058 2809 licet
1087 2760 1211 2809 alibi
1234 2761 1252 2790 ‘
1280 2761 1465 2811 Numi·

393 2836 551 2890 cium,
553 2834 766 2886 ’tamen
782 2838 941 2886 etiam
965 2836 1316 2887 ‘Numicum’
1337 2839 1463 2889 scri·

394 2911 473 2960 bit
509 2911 576 2961 ad
612 2912 763 2974 Virg-
797 2911 913 2962 AEn.
948 2926 1028 2963 iv.
1049 2916 1166 2964 620.
1189 2927 1270 2963 vi.
1305 2918 1386 2965 88.
1408 2923 1466 2966 et

395 2991 511 3037 332.
536 3000 642 3038 vu.
663 2991 782 3037 797.
803 3000 909 3038 xn.
934 2991 1051 3039 794.
1086 2996 1143 3037 et
1173 2990 1287 3039 aliis
1317 2991 1465 3041 locis.

393 3063 658 3116 Arnobins
690 3064 831 3116 Λᾶν.
863 3065 1067 3117 Gentes
1099 3066 1190 3116 lib.
1223 3081 1260 3118 ι.
1295 3082 1350 3132 p.
1383 3071 1469 3118 20.

394 3142 412 3169 ⁸
439 3141 504 3191 In
528 3142 688 3193 alveis
712 3142 928 3193 Numici
951 3156 1070 3192 cnm
1107 3145 1246 3193 ranis
1275 3150 1331 3194 et
1366 3146 1467 3207 pis·

394 3217 577 3268 cicuiis
600 3218 841 3281 degunt:
882 3220 965 3269 Ex
989 3218 1157 3283 poetis
1178 3234 1296 3269 eum
1317 3227 1333 3249 ‘
1353 3222 1467 3271 Nn·

331 3314 336 3318 ·
393 3296 587 3345 micum
609 3294 627 3320 ’
662 3304 818 3345 voest
849 3295 1010 3346 Silius
1043 3292 1164 3347 Ital.
1197 3309 1323 3347 vm.
1355 3301 1470 3348 180.

393 3372 411 3400 ‘
436 3371 598 3422 Haud
623 3373 806 3436 procul
827 3373 945 3422 hinc
960 3387 1124 3436 parvo
1146 3372 1469 3424 descendens

393 3446 544 3499 fonte
567 3449 861 3500 Numicus-⁹
927 3446 1085 3499 Conf-
1100 3449 1280 3499 Coust.
1301 3451 1469 3502 Fann.

396 3527 462 3577 ad
504 3526 666 3577 ovid.
716 3526 848 3576 Met.
895 3539 1016 3576 xiv·
1057 3530 1174 3577 328.
1230 3516 1469 3579 Tui-neb.

397 3601 536 3651 Adv.
561 3616 646 3653 xx.
670 3606 752 3653 17.
784 3603 1028 3654 Torrent-
1054 3605 1117 3653 ad
1154 3603 1344 3654 Horat.
1367 3606 1469 3670 Ep.

397 3692 441 3726 ι.
462 3682 512 3727 6.
536 3681 653 3728 init.
673 3680 730 3729 et
763 3680 981 3729 Vossius
1015 3681 1083 3731 de
1111 3681 1363 3734 meiol-1.
1386 3689 1468 3735 12.

397 3754 523 3803 Pari
547 3755 708 3818 igitur
733 3757 859 3821 jure
894 3763 951 3805 et
974 3757 1256 3810 Numicium
1276 3767 1333 3809 et
1357 3760 1471 3810 Nu·

396 3831 569 3881 nucum
612 3831 793 3882 dicere
821 3833 1013 3897 potuit,
1045 3835 1277 3899 quisquis
1305 3836 1468 3887 fuerit

393 3905 550 3969 hujus
590 3907 758 3957 libelli
810 3917 1027 3970 auctor;
1082 3924 1254 3974 neque
1309 3911 1466 3961 etiam

397 3981 539 4044 apud
579 3981 804 4045 Livium,
839 3983 936 4033 nisi
976 3983 1277 4035 addixerint
1306 3986 1467 4038 codd.

334 4068 345 4082 ·
397 4058 684 4121 quidquam
709 4060 952 4111 mutarim
979 4068 1195 4113 temere.
1225 4062 1400 4113 Arata.

461 4135 961 4201 Praeti-ingerentur]
1037 4138 1469 4202 Proestingueutiu·

398 4213 531 4262 malo
575 4228 730 4278 quam
759 4215 1219 4278 perun-ingerentur,
1254 4216 1465 4269 tametsi

396 4288 529 4340 banc
554 4303 731 4341 vocem
750 4305 866 4342 cum
887 4292 977 4341 iiia
997 4289 1301 4357 frequenter
1318 4295 1465 4345 scioli

1088 389 1322 440 ,ROTAE
1367 387 1776 439 VAmoRUM
1827 387 1908 438 IN

1545 533 1945 597 commutat-inu
1980 533 2324 599 proprietatis
2351 536 2509 587 credo
2531 536 2609 602 ig·

1543 610 1818 660 notatione
1840 611 2101 676 exsulavit
2125 609 2394 676 hactenns,
2415 627 2554 662 nuuc
2578 628 2611 662 a

1544 686 1702 736 variis
1714 686 1768 736 in
1785 692 2016 737 voterem
2035 688 2412 751 possessiouem
2427 702 2493 738 ex
2510 688 2610 739 As-

1541 764 1695 812 conio
1715 761 1974 812 restituta.
2010 762 2223 813 Luci-et.
2254 771 2269 794 ⁴
2295 763 2614 815 Perstrinxit

1543 839 1725 889 stelias
1736 848 1949 891 exortus
1959 839 2036 888 uti
2050 839 2290 890 aetherius
2298 838 2611 892 sol‘.’Sc1wtt.

1544 922 1600 965 et
1620 914 1847 981 Sythas-3.
1914 915 2166 965 Dedimus
2182 916 2268 965 bic
2288 916 2493 967 schotti
2517 932 2611 968 no«

1544 996 1653 1040 tam
1669 1005 1735 1041 ex
1754 992 1837 1041 ed.
1852 991 1964 1056 ejus
1982 993 2196 1053 uitima3
2218 992 2271 1041 in
2288 993 2448 1057 priori
2466 996 2608 1044 enim

1542 1067 1691 1120 locus
1726 1069 1964 1120 Lucretii
2010 1082 2097 1118 ιιι.
2141 1075 2287 1120 1067.
2326 1071 2612 1135 proestinxit

1544 1144 1762 1196 citatur.
1827 1145 1983 1209 Apud
2010 1146 2269 1198 Nostrum
2292 1155 2468 1198 autem
2482 1162 2609 1211 pm·-

1541 1220 1851 1285 stingioemr
1871 1223 2042 1274 edidit
2070 1224 2337 1287 Schottus,
2356 1227 2610 1287 μωσιν-ξιι-

1537 1306 1803 1362 guarenwr
1825 1302 2022 1366 aliquot
2043 1303 2383 1365 posteriores,
2406 1302 2473 1352 de
2497 1304 2609 1366 qui-

1545 1377 1638 1427 bus
1658 1379 1873 1428 vocibus
1906 1392 2009 1428 non
2046 1377 2229 1428 eadem
2264 1379 2498 1429 sentiunt
2520 1379 2612 1428 lio-

1542 1454 1710 1504 mines
1731 1456 2100 1519 elegantiores.
2142 1462 2158 1485 ⁸
2184 1456 2579 1520 Proestiugnere
2595 1455 2616 1478 ²

1544 1531 1678 1580 enim
1704 1530 1894 1595 ubique
1919 1532 1972 1579 in
1996 1532 2207 1593 Plauto,
2236 1532 2435 1593 Nonio,
2458 1531 2614 1582 Cice·

1542 1619 1685 1667 rone,
1706 1614 1762 1656 et
1786 1605 1902 1656 aliis
1926 1609 2205 1657 restituere
2219 1607 2386 1657 voluit
2402 1608 2614 1658 Lambio

1541 1696 1637 1732 nus
1674 1683 1740 1731 ad
1783 1684 1997 1734 Lucret.
2030 1685 2067 1736 l.
2101 1686 2138 1734 1.
2181 1684 2248 1735 ad
2281 1685 2457 1734 Plaut.
2490 1686 2609 1736 Mil.

1542 1758 1693 1808 Glor.
1717 1767 1822 1809 act.
1847 1773 1884 1810 1.
1921 1775 1994 1810 sc.
2015 1764 2064 1809 1.
2102 1776 2181 1811 vs.
2204 1764 2256 1811 4.
2295 1760 2502 1811 Acidai.
2539 1761 2606 1812 ad

1540 1836 1676 1885 Veii.
1714 1837 1925 1886 Paterc-
1949 1851 2011 1886 ιι.
2042 1841 2123 1887 18.
2145 1839 2243 1901 §40
2264 1844 2322 1888 et
2344 1838 2609 1888 Fabricius

1542 1909 1609 1961 ad
1635 1911 1825 1963 Ancon.
1847 1913 2069 1963 Pedian.
2095 1930 2148 1976 p·
2132 1926 2235 1963 ..m
2256 1918 2376 1966 221.
2411 1915 2612 1965 Contra

1541 1988 1980 2053 p‘raestriugere'
2013 1989 2343 2041 scribendum
2373 2005 2488 2041 esse
2524 2007 2609 2042 ur-

1543 2074 1670 2126 guet
1693 2064 2018 2131 Gipbauius
2005 2081 2058 2117 in
2073 2069 2295 2119 Collect.
2312 2067 2377 2117 ad
2398 2069 2612 2120 Lucret-

1543 2142 1788 2192 stisius
1820 2143 1884 2193 ad
1922 2143 2124 2194 Minue.
2155 2143 2315 2195 Felic.
2338 2143 2536 2198 Octav.
2558 2160 2610 2198 c.

1538 2222 1626 2269 23.
1650 2220 1830 2272 Burm.
1857 2218 1926 2270 ad
1953 2220 2174 2273 Quintil.
2208 2220 2345 2272 Inst.
2375 2221 2530 2272 Orat.
2553 2235 2612 2275 x,

1543 2301 1589 2347 1.
1628 2311 1682 2361 p.
1714 2301 1828 2350 886.
1861 2306 1920 2351 et
1950 2299 2200 2350 Oudend.
2233 2300 2298 2349 ad
2336 2301 2531 2351 Lucan.
2565 2315 2608 2353 1.

1541 2378 1656 2424 164.
1695 2375 1985 2441 ceterique,
2024 2388 2156 2441 qnos
2188 2390 2397 2440 sequor.
2463 2377 2611 2427 Male

1542 2457 1714 2502 autem
1736 2461 1898 2517 negat
1924 2452 2076 2503 Anna
2106 2451 2274 2519 (quod
2296 2454 2450 2504 venia
2471 2454 2609 2504 iliius

1537 2542 1694 2578 sexus
1735 2529 1934 2579 dictum
1957 2529 2142 2595 velim)
2175 2531 2193 2559 ‘
2220 2529 2620 2594 perstringere*

1537 2603 1637 2653 hoc
1659 2616 1813 2654 sensu
1832 2610 1976 2655 recte
1989 2605 2115 2663 dici,
2130 2619 2285 2668 quam
2305 2605 2356 2654 in
2379 2619 2488 2655 rem
2505 2613 2614 2656 tes·

1541 2682 1756 2731 timonis
1795 2683 1978 2733 attulit
2011 2676 2285 2732 Drakenb.
2315 2682 2491 2747 (cnjus
2522 2698 2608 2734 rue

1538 2758 1854 2809 fidelissimis
1890 2760 2101 2812 monitis
2146 2758 2214 2809 ab
2255 2760 2611 2812 adolescentia

1539 2832 1817 2885 formatum
1849 2849 1983 2897 esse,
2019 2843 2103 2886 est
2136 2836 2277 2902 quod
2310 2835 2433 2885 mibi
2465 2851 2610 2900 sa=pe

1540 2910 1800 2977 gratulor)
1839 2913 1905 2962 ad
1941 2913 2036 2965 Sil.
2075 2913 2198 2964 Ital.
2236 2926 2275 2964 1.
2318 2916 2435 2963 868.
2488 2913 2607 2966 Val.

1539 2987 1687 3038 Max.
1709 3001 1789 3037 ιιι.
1814 2993 1862 3039 1.
1884 3004 1970 3039 ex.
1994 2996 2043 3040 6.
2092 2988 2109 3017 ‘
2132 2990 2481 3039 Romanorum
2516 3000 2622 3044 ex·.

1539 3065 1793 3114 ercituum
1829 3067 2007 3117 oculos
2043 3066 2304 3116 Lusitanis
2337 3067 2459 3116 telis
2487 3080 2609 3130 per-

1539 3142 1855 3208 stringeret!
1901 3145 2126 3196 Quintil.
2158 3144 2314 3194 Deci.
2350 3156 2511 3195 ccm.
2555 3159 2610 3209 p.

1539 3222 1656 3269 467.
1688 3219 1916 3283 ‘Ingens
1942 3221 2118 3284 pondo
2133 3221 2340 3285 argenti
2361 3222 2611 3285 perstrin-

1540 3302 1635 3359 get
1658 3296 1900 3347 oculosz’
1929 3311 2081 3364 quem
2098 3299 2266 3348 iocum
2283 3305 2485 3348 tentare
2502 3312 2607 3348 non
2640 3290 2649 3303 ⁸
2751 3299 2758 3307 “

1541 3372 1798 3424 debuerat
1847 3374 2121 3434 Francius,
2159 3374 2313 3425 nimis
2351 3388 2494 3439 saepe
2537 3375 2608 3425 ad

1542 3450 1918 3501 emendandum
1935 3464 2145 3514 pronus.
2178 3451 2382 3501 Seneca
2395 3452 2462 3502 ad
2477 3450 2612 3500 Hel-

1543 3525 1678 3575 viam
1703 3540 1755 3576 c.
1777 3530 1829 3577 9.
1849 3526 2014 3591 ‘Igne
2035 3525 2156 3577 fuso
2190 3528 2608 3591 perstringentes

1542 3603 1759 3654 oculos.’
1826 3605 2014 3670 Neque
2038 3603 2111 3654 ibi
2135 3605 2417 3670 quidquam
2440 3612 2610 3655 muta-

1540 3681 1658 3738 rim,
1698 3681 1795 3731 nisi
1830 3683 2095 3732 voluerint
2131 3680 2289 3732 codd.
2355 3682 2608 3732 Ceterum

1541 3758 1681 3824 quod
1709 3758 1993 3810 Lambinus
2032 3765 2234 3810 statuat
2263 3760 2614 3823 presumere

1540 3834 1841 3899 dicendum,
1874 3848 1975 3886 non
2023 3836 2404 3901 presit-ingeres
2430 3850 2496 3886 ez
2540 3850 2609 3885 co

1541 3911 1679 3977 quod
1699 3912 1870 3962 Latini
1891 3911 2072 3962 dicant
2090 3912 2107 3941 ⁸
2123 3911 2445 3977 mastigia&
2461 3912 2608 3976 parvi

1540 3994 1623 4038 est
1654 3988 1926 4053 momenti,
1948 4002 2065 4039 cum
2095 4002 2247 4055 oeque
2282 3990 2299 4018 ‘
2318 3987 2624 4053 praestrigi:

1539 4062 1665 4122 um,’
1686 4079 1839 4129 qnam
1872 4066 1889 4095 ‘
1905 4065 2223 4131 proestigiae’
2251 4067 2616 4129 reperiantur:

1539 4141 1798 4191 Prudent.
1820 4141 2061 4193 cathem.
2076 4141 2270 4208 Hymn.
2289 4154 2369 4192 vl.
2390 4157 2468 4191 vs.
2492 4146 2609 4193 189.

1539 4221 1558 4249 ‘
1579 4220 1777 4271 Procul
1810 4227 1925 4270 esto
1959 4221 2236 4285 pmvicaci
2277 4221 2608 4285 Proestrigia·

1543 4302 1626 4346 tor
1649 4305 1763 4347 astu
1785 4296 1821 4347 ι’
1852 4296 1940 4348 nbi
1963 4297 2134 4349 Isonis
2160 4297 2346 4362 giossae
2369 4315 2383 4343 :
2417 4298 2434 4327 ‘
2459 4297 2601 4348 Prae·
