3025 4934
477 365 614 435 682

480 530 677 580 nullum
708 525 932 582 fundunt
973 545 1210 593 sensum3
1248 533 1382 597 quid*
1406 534 1543 583 enim

483 608 679 657 tardius
702 608 717 636 ‘
744 607 980 669 biberet‚’
1012 609 1131 671 quia
1153 623 1340 672 corpus
1363 619 1546 658 contra

480 697 683 733 venena
703 682 966 734 firmarat?
999 686 1078 735 Ea
1110 693 1286 735 tamen
1314 687 1547 748 notione,

481 776 584 827 qua
598 776 688 811 nos
702 764 1010 826 accepimus,
1029 763 1191 827 magis
1209 763 1414 813 videtur
1430 778 1545 813 esse

482 837 765 901 poeticum.
829 840 933 889 Sed
980 840 1102 889 talia
1150 849 1256 890 tam
1302 850 1546 891 accurata

480 914 634 966 lance
672 915 807 979 apud
847 918 1096 967 Nostrum
1134 931 1234 966 uon
1266 926 1389 969 sunt
1422 934 1548 983 pen·

482 991 673 1042 denda.
706 992 882 1043 Arata.

548 1068 724 1118 Multis
742 1074 884 1119 anteo
905 1070 1312 1133 medicaminibus]
1338 1071 1546 1121 Gellius

486 1155 636 1196 xvu.
659 1150 749 1195 16.
774 1147 792 1176 ⁶
812 1146 1073 1210 Scriptum
1100 1149 1258 1197 etiam
1295 1162 1326 1198 a
1359 1149 1548 1197 Lenaeo

485 1222 724 1284 Pompeii
763 1221 953 1272 liberto
997 1223 1357 1274 Mithridatem
1403 1224 1548 1273 illum

484 1298 647 1347 Ponti
664 1313 840 1361 regem
861 1299 1076 1349 medice
1099 1301 1193 1363 rei,
1214 1308 1270 1350 et
1294 1300 1548 1350 remedio-

486 1386 600 1423 rum
636 1374 687 1423 id
731 1387 894 1438 genus
939 1376 1180 1427 solertem
1217 1376 1392 1432 fuisse,
1434 1378 1553 1426 soli-

486 1456 703 1514 tumque
757 1452 924 1500 anatis
978 1455 1276 1514 sanguinem
1332 1455 1548 1504 miscere

484 1527 896 1590 medicamentis,
918 1543 1035 1592 quae
1072 1528 1368 1592 digerendis
1393 1544 1548 1579 vene-

484 1603 567 1653 nis
591 1603 786 1665 valent,
810 1606 1215 1669 sanguinemque
1249 1621 1424 1655 earum
1457 1621 1548 1669 po-

487 1681 829 1731 tentissimum
854 1677 967 1731 esse
1003 1682 1056 1731 in
1095 1698 1156 1732 ea
1190 1683 1548 1743 confectione;

486 1756 657 1821 ipsum
697 1766 868 1806 autem
910 1773 1087 1823 regem
1119 1760 1327 1809 assiduo
1368 1761 1548 1809 talium

486 1832 806 1884 medelarum
842 1850 960 1891 usu,
993 1850 1025 1884 a
1055 1835 1391 1886 clandestinis
1425 1851 1551 1901 epu·

486 1910 652 1958 larum
686 1909 886 1958 insidiis
919 1910 1133 1961 cavisse.
1198 1911 1549 1963 Quamobrem

487 1987 655 2037 victus
676 2002 707 2035 a
728 1988 993 2050 Romanis,
1009 1985 1207 2036 frustra
1222 2002 1421 2037 venena
1440 1989 1555 2037 vio·

486 2064 775 2113 lentissima
830 2062 1138 2113 festinandae
1181 2066 1324 2113 necis
1384 2064 1554 2127 gratia

488 2147 765 2203 expertus,
798 2140 1025 2203 seipsum
1061 2139 1236 2201 gladio
1264 2139 1557 2204 transegit!

488 2215 655 2265 Μαι-Ιι.
721 2217 806 2265 De
831 2214 1138 2265 Mithridate
1164 2223 1338 2265 autem
1357 2216 1431 2267 sic
1454 2218 1552 2266 eti·

489 2307 574 2344 am
605 2294 804 2344 Seneca
843 2294 1022 2342 rhetor
1051 2300 1260 2344 noster:
1308 2294 1325 2322 ⁴
1351 2294 1555 2346 Habuit

489 2372 677 2420 maltum
724 2370 1155 2420 medicamentum
1202 2371 1555 2423 Mithridates.

493 2447 624 2499 Quis
642 2448 781 2496 enim·
803 2449 933 2497 alius
950 2448 1177 2497 debebat
1193 2450 1383 2498 habere
1400 2466 1554 2515 quam

492 2526 805 2590 parricida?
837 2528 900 2574 ad
925 2541 1078 2590 quem
1100 2527 1269 2575 locutu
1297 2529 1412 2576 vide
1435 2544 1553 2591 quae

492 2611 731 2652 notamus
750 2601 817 2651 de
842 2601 1201 2662 medicamine,
1237 2605 1368 2665 quod
1404 2603 1553 2654 Grae·

492 2679 569 2729 cis
591 2677 852 2741 φάρμακον.
886 2678 1068 2728 Scitote.

560 2754 841 2819 Inmissum]
897 2754 986 2802 Sic
1041 2754 1093 2802 in
1143 2753 1401 2810 omnibus,·
1455 2753 1553 2802 nisi

495 2829 633 2894 quod
672 2830 818 2880 Leid.
844 2835 893 2879 2.
928 2834 977 2878 et
1007 2828 1178 2892 ipsum,
1211 2828 1303 2876 sed
1330 2837 1437 2877 tum
1462 2843 1555 2879 ne-

496 2921 599 2970 que
620 2920 799 2955 sensus
823 2907 952 2955 satis
975 2907 1219 2960 cohaeret,
1238 2915 1289 2952 et
1314 2904 1555 2967 frigidam

494 2979 621 3031 facit
642 2983 951 3037 orationem.
981 2982 1129 3044 quasi
1157 2982 1243 3031 ille
1270 2981 1452 3031 Gallus
1478 2984 1554 3032 in-

496 3065 581 3106 ter
604 3071 937 3121 percussores
974 3058 1191 3119 primum
1226 3057 1392 3106 locum
1423 3058 1556 3107 obti-

439 3167 444 3178 ι
495 3140 663 3184 neret.
732 3134 904 3196 Magis
933 3134 1143 3196 proprie
1181 3140 1262 3182 est
1297 3133 1555 3182 ‘inmitte-

491 3197 555 3263 're
585 3209 981 3278 percussorem‚'
1014 3218 1072 3261 ut
1102 3212 1239 3274 apud
1278 3212 1485 3260 Florum
1521 3227 1560 3262 ι.

496 3292 587 3353 ⁷.§
605 3295 656 3339 2.
687 3296 703 3319 ‘
720 3289 1055 3354 Inmissisqne
1073 3288 1124 3336 in
1150 3302 1263 3337 eum
1290 3304 1558 3351 pereusso-

497 3364 676 3416 ribus.’
708 3379 796 3415 111.
820 3369 867 3414 1.
893 3365 989 3428 §8.
1011 3366 1026 3393 ‘
1048 3365 1331 3413 Massivam
1352 3365 1558 3415 inmisso

497 3454 809 3505 percussore
844 3437 1105 3488 confecit-⁵
1167 3441 1333 3490 Tacit.
1369 3440 1560 3493 Annal.

494 3531 591 3568 ιιι.
616 3522 698 3566 16.
726 3517 868 3566 ‘Nec
891 3516 1031 3565 illum
1045 3524 1230 3580 sponte
1252 3519 1559 3578 extinctum,

498 3608 677 3642 verum
710 3592 919 3642 inmisso
950 3607 1254 3654 percussore
1270 3594 1305 3643 ι’
1356 3606 1409 3645 et
1442 3611 1558 3660 qnae

502 3669 752 3721 Oudend.
774 3671 837 3719 ad
862 3671 1056 3720 Lucan.
1075 3684 1139 3719 ιι.
1154 3676 1271 3721 202.
1304 3671 1479 3723 Arata.

566 3745 836 3810 Sithocum]
894 3747 1037 3796 Libri
1080 3750 1280 3799 calamo
1318 3757 1375 3798 et
1417 3750 1560 3813 typis

501 3822 704 3873 exarati
748 3831 803 3872 et
848 3823 983 3872 Livii
1027 3824 1272 3889 Epitoma
1316 3825 1407 3875 lib.
1462 3839 1560 3875 cn.

500 3901 517 3928 ⁸
541 3899 815 3949 Bithocum
841 3900 858 3923 ⁹
902 3910 1236 3964 nuncupant:
1288 3901 1561 3965 Appianas

500 3974 717 4026 Βίτοιτον
750 3975 955 4040 scribit,
993 3977 1256 4026 Bitoeton:
1307 3978 1561 4040 quomodo

502 4052 775 4116 utrobique
784 4052 1010 4102 fortasse
1027 4053 1373 4103 scribendum.
1391 4054 1562 4103 Schot-

502 4134 599 4177 tus.
665 4129 772 4180 Alii
795 4129 910 4178 libri
930 4130 1210 4193 Bithocum..
1256 4131 1369 4179 Pal.
1392 4136 1441 4179 2.
1476 4131 1562 4180 Si·

501 4205 666 4255 ficum.
733 4204 1006 4269 Appianus
1052 4213 1207 4258 vocat
1244 4206 1474 4264 Βίτοιτον,
1507 4213 1565 4259 et

501 4278 678 4331 {ot-san
732 4282 1073 4347 appellandus
1115 4284 1355 4335 Bituitus.
1405 4285 1563 4335 Grut.

1173 385 1394 437 NOTAE
1450 385 1853 439 vammum
1903 385 1986 439 m

1620 532 1781 597 [Vide
1807 534 1936 584 Not.
1961 533 2232 600 Delphin-J
2293 535 2401 585 Cur
2434 531 2676 587 Bithic'um

1621 608 1867 672 preferat
1922 611 2219 661 dulcissima
2270 612 2443 674 Anna,
2497 616 2676 664 vellem

1620 686 1848 735 rationes
1885 686 2190 748 addidisset,
2227 703 2394 753 neque
2430 691 2566 740 enim
2595 706 2678 740 eas

1620 762 1932 811 comminisci
1960 778 2110 826 queo.
2174 766 2230 822 Si
2259 765 2560 829 Appianum
2595 768 2679 817 de·

1621 837 1832 887 beamus
1873 841 2040 903 sequi,
2077 842 2213 903 quod
2261 843 2467 905 quidem
2509 843 2682 893 malint

1621 921 1678 963 et
1707 929 1822 977 ego,
1845 929 1961 963 cum
1987 915 2040 963 in
2065 917 2181 979 ejus
2204 917 2358 967 codd.
2388 920 2529 968 nulla
2564 933 2684 969 con·

1619 991 1872 1053 spiciatur
1895 993 2141 1052 varietas,
2162 1007 2279 1042 cum
2303 994 2540 1045 Grutero
2560 996 2687 1044 scri-

1621 1067 1690 1118 bo
1712 1069 1972 1125 Bituitum,
1997 1084 2099 1119 uon
2123 1071 2387 1120 Bitoetstm.
2453 1071 2594 1120 Vide
2627 1071 2684 1119 il-

1620 1145 1726 1195 lum
1761 1145 1897 1195 Bell.
1934 1147 2087 1196 Mith.
2122 1161 2174 1210 p.
2194 1151 2312 1197 410.
2376 1147 2481 1197 Ubi
2510 1157 2686 1198 tamen

1621 1221 1732 1271 baec
1753 1222 1906 1270 aliter
1927 1230 2122 1272 narrat.
2162 1221 2338 1272 Arntz.

1691 1299 1915 1362 Adiuvit]
1956 1300 2036 1349 Ex
2075 1301 2354 1365 posteriori
2393 1301 2690 1351 Latinitate

1619 1375 1861 1435 adiuvavit
1897 1376 2051 1424 Fran.
2095 1378 2160 1425 de
2198 1391 2301 1441 qua
2341 1377 2494 1439 hujus
2541 1378 2692 1426 verbi

1619 1449 1839 1500 flexione
1862 1466 1977 1502 cum
2002 1452 2113 1501 aliis
2136 1467 2294 1516 egere
2311 1453 2599 1501 Burmann.
2623 1453 2688 1501 ad

1626 1526 1773 1576 Petr.
1810 1542 1927 1590 cap.
1963 1531 2042 1576 18.
2077 1543 2130 1592 p.
2162 1532 2245 1577 ol.
2280 1536 2337 1577 et
2371 1529 2586 1578 Hearne
2622 1525 2689 1577 ad

1623 1602 1781 1652 Plinii
1817 1604 1989 1665 Epist.
2014 1617 2096 1653 ιν.
2121 1609 2212 1654 15..
2234 1604 2439 1655 Audiuit
2465 1604 2691 1654 Leuka.

1620 1677 1795 1728 Adicit
1818 1679 1970 1728 Leid.
1990 1683 2038 1731 1.
2091 1682 2295 1744 Turpes
2324 1695 2532 1730 errores
2554 1685 2608 1730 in
2632 1693 2692 1731 re

1621 1752 1785 1805 facili.
1841 1756 2045 1805 Seneca
2099 1755 2165 1806 de
2223 1754 2410 1808 Beuef.
2468 1770 2554 1807 ιιι.
2605 1759 2691 1807 22.

1625 1840 1642 1862 ‘
1667 1834 1815 1884 Alius
1838 1842 2055 1885 mortem
2079 1835 2273 1886 domini
2305 1836 2527 1899 adjuvit,
2560 1837 2691 1886 alius

1625 1908 1875 1974 decepit!
1910 1911 2131 1961 Ovidius
2170 1912 2289 1962 Am.
2326 1913 2411 1962 El.
2456 1925 2492 1962 t.
2522 1917 2575 1964 7.
2611 1917 2694 1964 66.

1627 1988 1645 2014 ‘
1669 1987 1973 2039 Quamlibet
2002 1988 2225 2038 infirmas
2247 1988 2464 2054 adjuvet
2485 1989 2566 2039 ira
2587 2003 2695 2044 ma·

1627 2062 1763 2113 nus-³
1793 2065 1966 2113 Amtz.

1693 2139 2060 2191 Cn-nxxvn.
2085 2142 2162 2203 §J
2189 2140 2430 2204 Magnas]
2467 2141 2695 2192 Devicta

1630 2214 1828 2272 Africa,
1850 2217 1924 2265 ita
1947 2220 2309 2281 pronuntiante
2323 2221 2486 2276 Sulla,
2512 2222 2698 2284 appel·

1630 2293 1788 2342 latus.
1817 2294 1981 2342 Mach-

1697 2369 1780 2418 Itu
1798 2371 1917 2430 egit,
1948 2375 2000 2418 ut
2032 2370 2092 2418 ab
2112 2385 2164 2419 eo
2186 2371 2494 2436 diligeretur]
2534 2372 2637 2423 Qui
2662 2388 2697 2421 a

1631 2444 1797 2507 primo
1832 2446 2094 2505 potissima
2117 2461 2296 2496 caussa
2321 2446 2423 2496 fuit.
2445 2458 2504 2497 nt
2529 2450 2696 2497 Cinna

1632 2520 2038 2583 interficeretur,
2077 2532 2129 2573 et
2162 2525 2448 2574 Carbonem
2474 2526 2701 2575 interfici

1631 2596 1927 2647 damnatum
1949 2599 2128 2660 jussit,
2163 2602 2513 2650 internecinos
2536 2602 2695 2652 Sunae

1629 2674 1825 2724 hostes.
1859 2677 2023 2725 Macra.

1694 2751 1913 2802 Siciliam
1959 2769 1991 2802 a
2033 2754 2316 2817 proscriptis
2366 2755 2570 2819 recepit]
2630 2756 2699 2805 Et

1630 2836 1887 2892 quotquot
1943 2830 2379 2893 proscriptionem
2431 2832 2701 2882 Sullanam

1631 2906 2063 2968 praeoccupaudo,
2101 2906 2342 2970 fugerant
2370 2909 2422 2958 in
2445 2909 2699 2969 Siciliam,

1631 2981 1761 3029 banc
1797 2988 1854 3031 ut
1895 2984 2338 3045 propugnaculum
2387 2992 2560 3033 tutum
2613 2999 2701 3033 ce-

1631 3066 1839 3122 perant,
1862 3059 1950 3106 sed
1968 3062 2239 3110 audientes
2254 3062 2563 3125 Pompeium
2582 3076 2699 3111 cum

1633 3135 1869 3183 exercitu
1894 3134 2203 3199 adventare,
2226 3134 2385 3187 facile
2406 3144 2700 3187 cesserunt.

1631 3209 1799 3259 Maeli.

1697 3289 1725 3351 ς
1749 3292 1780 3336 2
1808 3287 2110 3351 Numidiam]
2134 3287 2447 3338 Plutarchus
2463 3289 2519 3337 in
2544 3289 2702 3338 Pom-

1634 3363 1783 3425 peio:
1820 3368 1836 3390 ‘
1860 3362 1974 3410 sliae
1999 3362 2278 3413 confestim
2300 3364 2574 3413 civitatum
2608 3380 2699 3429 pa·

1634 3451 1804 3499 ruere,
1839 3437 1954 3486 alite
1995 3438 2045 3485 vi
2084 3446 2274 3501 captae.
2343 3440 2571 3488 Hiarbas
2606 3455 2727 3498 rex-
2792 3470 2808 3509 '.<
2846 3427 2853 3432 ”

1635 3519 1744 3562 tum
1763 3514 2183 3575 comprehensus,
2212 3515 2296 3577 qui
2324 3528 2440 3563 cum
2466 3516 2701 3566 Domitio

1633 3589 1755 3638 belli
1792 3590 2096 3638 societatem
2129 3590 2347 3640 inierat:
2385 3591 2469 3639 cui
2493 3606 2700 3641 sncces-

1633 3666 1701 3715 sit
1746 3665 2034 3728 Hiempsal.
2119 3667 2380 3729 Prospera
2424 3682 2552 3730 ergo
2595 3667 2699 3717 for·

1635 3749 1763 3792 tuna
1780 3742 2062 3814 Pompeius
2079 3742 2264 3805 fretus,
2286 3743 2459 3792 robori
2480 3745 2697 3793 militum
2784 3741 2793 3748 ’

1633 3817 1820 3881 fidens,
1853 3805 1916 3878 N}
1944 3817 1983 3882 ,ζ
1996 3831 2032 3884 ’,χ
2048 3820 2153 3868 iam
2189 3819 2415 3882 impetit,
2447 3820 2498 3868 in
2527 3837 2701 3885 quam,

1633 3894 1773 3959 quod
1817 3883 2026 3949 ἀίἐᾘῖἡὲ
2041 3894 2276 3957 pluribus
2322 3896 2699 3957 peragrandum

1633 3979 1772 4035 erat,
1794 3972 1999 4034 agmine
2023 3968 2283 4025 concitato
2309 3985 2616 4038 excurrens,
2636 3988 2700 4022 ea

1634 4047 1842 4114 subegit
1865 4047 2052 4102 omnia,
2091 4046 2278 4110 quibus
2301 4046 2507 4096 obviam
2529 4047 2700 4099 factus

1637 4121 1753 4173 est-³
1791 4122 1954 4170 Mach-

1701 4197 1931 4260 Hiarboe]
1969 4196 2188 4246 Hioerboe
2228 4197 2429 4260 antiqui
2465 4197 2697 4259 libri,et

1635 4277 1953 4330 Plutarchus
1971 4277 2022 4326 in
2053 4276 2302 4342 Pompeio
2315 4273 2536 4342 Ἰαρβας.
2563 4285 2578 4310 ‘
2602 4278 2703 4328 Hi·
