3025 4934
607 403 894 453 suant..
930 403 1127 454 νισι.
1175 383 1397 456 vinos
1447 402 1802 452 tument.
1850 402 2020 453 ose.
2067 404 2232 453 xm.

336 546 405 597 its
417 545 621 610 scripsi.
645 546 833 598 flebit.
857 546 1091 604 Quinam
1113 551 1284 596 temen
1308 559 1389 597 re·

334 623 498 673 tinent
521 636 706 673 omnes
724 623 907 686 scripti
925 637 1042 680 cum
1057 621 1209 674 editt.
1241 621 1388 672 Feci·

334 699 427 749 lies
445 703 528 750 est
555 699 823 763 conjicere
843 714 1069 751 errorem
1090 713 1207 750 esse
1227 698 1389 764 ipsius

334 776 574 832 auctoris,
596 777 687 841 qui
705 776 831 828 duos
854 777 1184 841 insequentes
1206 789 1390 826 consu·

333 853 407 901 les
422 852 743 903 confuderit.
776 853 930 904 Anno
944 854 1084 902 enim
1101 853 1169 902 U.
1189 853 1250 903 C.
1265 864 1389 901 nxr.

333 928 390 978 c.
425 929 678 980 Lutatius
715 928 1044 993 fuiteonsul,
1072 943 1208 980 anno
1239 941 1386 979 nxn.

326 1008 610 1061 euinctus.
640 1008 819 1061 Arata.

390 1084 643 1149 Lutatius]
665 1086 880 1135 Eadem
903 1083 1091 1133 tabulae
1107 1090 1163 1134 et
1182 1084 1312 1133 Mss.
1329 1082 1388 1133 li·

329 1161 404 1212 bri
424 1163 538 1213 sine
554 1179 585 1212 e
600 1163 852 1223 scribunt,
865 1162 943 1211 nti
962 1169 1019 1211 et
1031 1160 1266 1218 Amilcar,
1281 1159 1388 1210 Aa·

327 1253 400 1294 ao,
417 1240 651 1303 Annibal,
673 1239 867 1304 absque
883 1238 1228 1301 aspiratione3
1262 1251 1386 1301 quos

320 1319 547 1371 libenter
567 1334 776 1384 sequor.
817 1320 882 1369 Iu
904 1318 1186 1368 Mediolan-
1207 1325 1263 1367 et
1284 1332 1386 1368 uno

318 1395 459 1445 Mae.
492 1395 819 1459 praeuomina
850 1393 1153 1455 abfuerunt,
1186 1407 1301 1458 quae
1331 1393 1385 1443 in

328 1471 560 1521 Romana
588 1470 808 1521 historia
841 1468 955 1520 fere
982 1475 1228 1533 corrupta
1249 1476 1387 1520 sunt.

325 1545 567 1596 δάσκια.
632 1546 864 1595 Leontius
887 1546 970 1595 vel
987 1546 1239 1600 Luototius
1262 1543 1391 1596 Mes.

326 1622 428 1672 Sed
452 1637 631 1674 veram
666 1623 976 1686 scripturam
999 1637 1092 1673 sno
1117 1623 1242 1686 jure
1276 1623 1386 1674 vin-

326 1699 520 1750 dicavit
554 1700 746 1750 Busins
781 1700 847 1749 ad
878 1700 1140 1765 Nepotem
1162 1701 1386 1754 Hamilc.

324 1791 441 1841 cap.
457 1781 506 1828 1.
528 1784 595 1826 et.
614 1776 767 1839 Pigb.
797 1775 937 1826 Anu.
963 1784 1087 1828 tom.
1120 1790 1184 1827 ιι.
1221 1791 1272 1841 p.
1304 1782 1388 1827 68.

323 1853 557 1917 quemvis
581 1853 669 1902 ille
687 1853 968 1904 Lutatium
1001 1853 1207 1904 admitti
1229 1853 1386 1904 etiem

324 1945 475 1994 posse
495 1939 731 1982 censeat.
760 1930 936 1981 Arate.
1084 1955 1091 1962 -

385 2008 563 2057 Primo
581 2007 769 2057 Pumice
787 2007 933 2071 bello]
964 2008 1048 2058 De
1070 2023 1173 2073 quo
1193 2009 1269 2058 sic
1281 2007 1385 2058 Po·

322 2082 493 2147 lybins
510 2099 525 2133 t
544 2083 892 2135 Quamobrem
908 2084 995 2134 nbi
1011 2085 1233 2148 pugnari
1247 2098 1384 2149 emp-

322 2167 433 2211 tum
446 2166 562 2214 est,
581 2156 874 2223 confestim,
891 2167 953 2210 nt
973 2174 1069 2224 par
1090 2167 1222 2224 erat,
1239 2176 1268 2209 a
1286 2161 1387 2211 Ro-

322 2239 487 2287 manis
545 2244 877 2300 superentur,
940 2242 1149 2286 centnm
1201 2238 1389 2301 viginti

322 2326 480 2363 neves
525 2313 581 2363 in
624 2327 688 2361 ea
731 2325 905 2376 pugna
928 2312 1386 2377 Carthaginienses

324 2390 580 2440 amiserez
613 2389 793 2439 harum
827 2389 1387 2455 duaedequinqusginta

322 2479 646 2527 summersa,
679 2463 966 2529 fractaque
988 2472 1130 2529 sunt,
1172 2468 1385 2530 reliquie

321 2554 453 2591 vero,
486 2548 692 2604 captae;
741 2538 1059 2603 fugientibus
1103 2555 1169 2591 ex
1207 2542 1388 2605 praelio

324 2616 605 2679 plurimum
634 2616 892 2679 opitulata
928 2624 1014 2667 est
1043 2618 1185 2668 venti
1212 2618 1387 2668 subita

320 2691 568 2749 mutatio,
597 2693 685 2755 qni
709 2692 886 2741 stetim
919 2700 1037 2755 post
1060 2691 1235 2758 fugam
1265 2709 1384 2745 con·

321 2769 507 2824 trerio,
543 2781 696 2831 quem
728 2767 871 2831 prius
903 2767 1105 2831 impetn
1136 2767 1264 2818 flare
1285 2783 1385 2820 οω-

321 2845 432 2909 pit:
466 2845 655 2909 itaque
672 2845 800 2893 velis
822 2845 1060 2908 sublatis,
1081 2861 1285 2896 cursum
1305 2861 1385 2898 se·

323 2919 595 2985 quentium
618 2927 945 2976 antevenere,
968 2929 1024 2971 et
1043 2920 1106 2971 ad
1122 2922 1385 2976 Hierone·

322 3010 455 3053 sum,
479 2995 621 3045 unde
643 2997 786 3058 prius
808 2998 1086 3053 solverant.
1114 3011 1172 3047 se
1203 3013 1271 3047 ex
1303 2998 1384 3049 fu·

321 3089 390 3138 ga
411 3082 759 3137 receperuntz
795 3077 975 3125 consul
999 3084 1118 3140 post
1146 3077 1382 3140 pralium
1447 3105 1457 3112 -

1442 3157 1517 3199 .et
1556 3151 1850 3200 libertatem
1900 3149 2191 3214 significare
2231 3152 2405 3206 notius
2438 3160 2518 3204 est

322 3166 440 3201 cum
464 3159 580 3202 tota
602 3154 767 3201 classe
788 3152 1077 3214 Lilybaeum
1102 3154 1283 3215 rediit;
1307 3154 1381 3203 ibi

316 3228 583 3286 laudatia-
604 3228 910 3294 donatisque
940 3229 1205 3288 militibus,
1228 3238 1384 3281 caete·

324 3318 383 3353 ra
395 3306 601 3355 intento
614 3306 790 3357 studio
804 3307 1235 3370 persequebatur.
1256 3307 1383 3357 Cer-

322 3381 692 3443 tbaginienses.
729 3381 814 3432 nbi
845 3391 1145 3446 superatum
1168 3382 1384 3434 Hanno·

321 3470 458 3513 nem,
498 3454 924 3523 profligatamque
964 3458 1183 3507 classem
1230 3458 1384 3509 intel-

318 3533 520 3587 lexere,
538 3542 728 3595 praeter
749 3547 899 3595 spem
925 3540 1073 3583 tanta
1094 3533 1246 3584 clade
1268 3549 1384 3597 per-

320 3612 483 3674 cussi,
508 3623 611 3673 quo
637 3624 693 3659 se
723 3618 1007 3669 verterent,
1046 3611 1379 3661 nesciebant:

314 3687 388 3737 de
413 3702 516 3752 quo
550 3687 626 3737 ita
653 3688 845 3739 Lucius
882 3689 1062 3739 Florus
1084 3689 1383 3746 nonodeci-

320 3778 411 3814 mo
448 3764 540 3815 lib.
573 3766 590 3792 ‘
612 3765 886 3815 Luctatins
920 3767 1098 3815 consul
1142 3766 1280 3816 victa
1316 3764 1383 3814 ad

320 3840 740 3904 AEgatesinsulas
757 3842 918 3890 classe
935 3842 1213 3894 Poenorntn
1227 3842 1382 3892 finem

320 3916 458 3965 bello
498 3918 697 3981 posuit:
731 3919 1026 3982 petentibus
1054 3919 1380 3983 Carthagini-

323 3991 531 4042 ensibus
556 4007 657 4056 pax
682 3992 844 4044 data.'
875 3994 1041 4045 Maeli.
1238 4026 1246 4032 .

392 4069 658 4133 Trecentis]
686 4071 793 4119 CC'.
814 4071 1065 4135 Polybius
1088 4080 1145 4122 et
1162 4087 1258 4137 pro
1273 4087 1382 4122 sex-

323 4146 490 4201 centis,
513 4148 878 4214 quadringentis
899 4150 1177 4213 Eutropius
1193 4166 1209 4199 z
1226 4150 1382 4200 ‘Oro-

328 4220 429 4268 sius
463 4223 706 4272 treoentis.
767 4222 1068 4286 Suspicatus
1101 4225 1262 4288 igitur
1291 4225 1382 4274 ali-

331 4297 527 4361 qnando
559 4313 672 4349 sum
706 4300 1223 4366 mendum-subesse,·
1244 4302 1381 4367 quod

2391 392 2524 464 1⁵95

1463 559 1640 596 omnes
1685 559 1835 610 poene
1869 546 2085 596 classem
2125 552 2182 596 et
2214 545 2432 598 bostium
2466 556 2523 600 et

1464 622 1814 675 Rornanorum
1832 630 2027 673 tentum
2043 634 2297 673 Dctxxx.
2315 624 2523 675 navium

1448 696 1626 750 -suisse
1681 696 1959 755 affirment.
2009 698 2235 763 indeque
2292 712 2524 751 errorem

1463 783 1640 825 netum
1684 774 1979 835 credebam,
2019 775 2179 839 quod,
2222 790 2340 825 cum
2386 777 2522 827 uotis

1460 852 1583 902 olim
1628 851 1827 902 numeri
1870 851 2306 916 exprimerentur,
2344 865 2522 902 earum

1448 928 1858 992 transpositione
1880 926 2101 978 infinitas
2129 925 2342 977 mendas
2378 928 2431 980 in
2461 928 2522 977 li*

1460 1005 1583 1057 bros
1619 1006 1857 1071 antiquos
1889 1005 2162 1069 irrepsisse
2206 1005 2522 1064 didicissem,

1460 1082 1619 1133 Forte
1639 1083 1893 1147 scriptum
1925 1083 2140 1145 reperit·
2160 1081 2401 1132 librarius
2421 1096 2517 1137 cn.

1461 1160 1743 1226 exscripsit
1773 1159 1911 1212 =alius
1954 1172 2117 1223 parva
2158 1157 2522 1209 immutatione

1461 1250 1553 1287 nc.
1592 1252 1690 1288 nee
1725 1237 1862 1287 enim
1901 1236 2062 1300 major
2099 1235 2260 1299 pestis
2295 1236 2521 1298 optimos

1461 1320 1699 1364 auctores
1737 1313 1945 1376 invasit,
1979 1303 2130 1377 quani
2155 1318 2391 1362 notarum
2416 1310 2520 1361 fre-

1462 1404 1624 1454 quens
1659 1404 1781 1439 usus
1815 1389 1867 1440 iu
1896 1389 2123 1439 numeris
2148 1389 2521 1452 exprimendis.

1461 1468 1580 1517 Nec
1603 1474 1744 1516 muto
1766 1466 2109 1527 sententiam3
2143 1472 2259 1530 post
2282 1466 2419 1518 euim
2442 1465 2522 1515 iu-

1460 1543 1565 1593 cidi
1599 1543 1652 1592 in
1690 1542 1872 1593 librum
1908 1542 2108 1592 calamo
2138 1548 2423 1597 exaratum,
2465 1541 2520 1590 in

1461 1634 1562 1684 quo
1586 1633 1743 1682 supra
1779 1618 2093 1682 adscriptum
2121 1623 2230 1667 erat
2266 1628 2413 1666 cccc.
2433 1600 2525 1666 no?

1414 1683 1437 1702 ⁰
1457 1697 1573 1753 aeis,
1594 1710 1709 1761 quae
1733 1710 1816 1745 res
1834 1694 2187 1758 conjecturam
2205 1706 2373 1741 meam
2394 1705 2520 1742 con-

1458 1774 1652 1826 firmat.
1715 1776 1916 1823 Anam
1937 1787 2029 1836 pro
2052 1770 2327 1820 Himilcone
2361 1768 2519 1821 habe·

1460 1851 1555 1901 bat
1591 1852 1727 1901 idem
1763 1850 2077 1913 exemplum,
2099 1855 2173 1899 .ut
2200 1856 2256 1899 et
2273 1847 2518 1912 Orosius,

1459 1933 1516 1977 et
1540 1929 1731 1989 placet.
1761 1927 1947 1975 Schott.
2013 1924 2284 1974 Himilcone
2306 1926 2387 1974 vel
2410 1924 2521 1973 Ha-

1459 2004 1662 2062 milcare.
1690 2003 1972 2065 reperimus
1996 2001 2276 2051 innostris.
2343 2002 2520 2054 Quare

1456 2079 1588 2130 licet
1608 2081 1796 2130 veritas
1810 2079 2042 2130 historia
2057 2079 2296 2129 Hannone
2314 2085 2372 2129 ut
2393 2080 2520 2129 scri-

1460 2156 1641 2208 bamus
1663 2159 1859 2222 esiget,
1882 2171 1984 2207 non
2022 2164 2194 2206 tamen
2223 2171 2375 2207 susus
2405 2171 2520 2207 sum

1460 2234 1634 2284 omnia
1655 2241 1840 2284 contra
1858 2234 1985 2282 Mss.
2010 2233 2247 2297 rejicere,
2273 2248 2392 2298 qna
2417 2232 2523 2283 his·

1463 2312 1613 2362 toriae
1662 2310 1928 2361 adversari
1974 2309 2299 2361 videbantur.
2364 2309 2523 2359 Multi

1461 2386 1600 2434 enim
1646 2383 2023 2435 ‘Hannonem'
2065 2384 2151 2436 bic
2179 2384 2389 2436 ducem
2443 2383 2521 2434 fa·

1462 2465 1644 2525 cinnt;
1678 2463 1799 2513 vide
1824 2463 2124 2513 Lambinum
2157 2463 2222 2513 ad
2254 2464 2523 2528 Nepotem

1460 2538 1689 2590 Hamilc.
1710 2553 1828 2602 cap.
1855 2545 1900 2591 1.
1964 2539 2068 2589 Sed
2090 2546 2308 2608 proestat
2328 2540 2521 2590 Hanni!-

1458 2630 1569 2665 care
1611 2616 1837 2666 scribere
1878 2631 1995 2666 cum
2041 2615 2239 2666 duobus
2280 2617 2412 2670 Mss.
2451 2630 2519 2665 ex

1459 2693 1611 2743 Livio
1636 2706 1757 2743 ιιι.
1777 2698 1856 2743 10.
1887 2695 1903 2723 ‘
1925 2692 2136 2756 AEgates
2172 2693 2362 2742 insulas
2381 2692 2518 2758 Ery·

1459 2784 1676 2833 cemque
1720 2778 1845 2820 ante
1881 2770 2055 2821 oculos
2091 2771 2392 2834 proponite.
2420 2781 2519 2821 nec

1460 2860 1591 2909 puer
1612 2846 1695 2896 bic
1716 2846 1821 2896 dux
1844 2854 1959 2896 erat
1986 2845 2076 2894 sed
2089 2853 2251 2909 -pater
2272 2847 2387 2909 ipse
2407 2846 2520 2896 Ha·-

1458 2921 1673 2971 milcar.'
1705 2918 1822 2971 Hac
1846 2921 2048 2971 ratione
2068 2921 2333 2973 dissensus
2355 2922 2519 2987 scrip·

1461 3002 1628 3047 torum
1652 2998 1753 3048 erit
1775 2997 2143 3047 admittendus.
2176 2997 2356 3048 ΑΜΖ.

1527 3072 1849 3134 Commeatum]
1891 3072 2160 3123 Annonam
2176 3108 2184 3116 ·
2202 3082 2518 3125 castrensem

1459 3240 1615 3292 quam
1651 3233 1708 3276 ut
1734 3226 2084 3277 declaratione
2119 3226 2369 3293 indigeat.
2404 3230 2516 3279 Mo-

1457 3304 1779 3445 elmi-gama]
1815 3383 2030 3447 Polybio
2069 3384 2304 3445 Αἵγουσαι
2335 3387 2517 3450 appel-

1458 3458 1635 3520 lantur
1679 3459 1858 3509 insulas
1896 3460 2034 3510 inter
2071 3461 2360 3523 Lilybaenrn
2385 3461 2516 3512 Sici-

1446 3536 1542 3585 liae
1590 3532 1995 3598 promontorium
2041 3545 2097 3587 et
2131 3538 2516 3602 Carthaginem.

1458 3610 1593 3659 Vide
1618 3611 1804 3675 Pomp.
1826 3612 2021 3662 Melam
2051 3612 2141 3662 lib.
2175 3628 2239 3665 ιι.
2260 3621 2314 3665 et
2334 3615 2515 3666 Silium

1455 3689 1699 3738 Italicum
1747 3697 1984 3740 extremo
2034 3699 2218 3741 sexto:
2252 3700 2310 3742 et
2349 3693 2439 3742 lib.
2479 3707 2517 3741 ι.

1458 3766 1475 3793 ‘
1493 3765 1634 3814 Avet
1652 3764 1867 3828 AEgates
1888 3766 2095 3817 abolere
2115 3775 2387 3831 parentum
2412 3769 2514 3817 De-

1458 3839 1654 3890 decus!
1685 3841 1871 3892 Schott.
1935 3844 2170 3893 Fuerunt
2187 3846 2274 3909 qni
2298 3845 2515 3906 AEgadas

1456 3932 1664 3981 semper
1704 3919 2031 3970 scribendum
2082 3936 2195 3971 esse
2234 3921 2515 3971 contende·

1457 4003 1597 4055 rent,
1634 3994 1726 4043 sed
1759 3996 1940 4045 borum
1962 3997 2223 4047 sententia
2244 4011 2341 4048 non
2365 4009 2513 4059 seque

1454 4072 1693 4121 omnibus
1739 4074 1952 4136 placuit,
1991 4081 2048 4122 et
2082 4080 2223 4123 recte
2239 4101 2244 4108 ι
2260 4085 2517 4135 repugna·

1458 4155 1579 4197 runt
1601 4148 1673 4197 Is.
1695 4149 1906 4204 Vossius
1926 4149 1989 4197 ad
2016 4150 2206 4199 Melam
2227 4163 2292 4199 ιι.
2307 4154 2358 4198 7.
2381 4163 2432 4211 p.
2448 4163 2516 4198 m.

1457 4228 1575 4273 5⁰9.
1607 4223 1795 4273 Bosius
1818 4224 1885 4273 ad
1909 4225 2106 4286 Nepet.
2139 4225 2370 4275 Hamilc.
2393 4235 2513 4289 cap.

1458 4306 1504 4350 l.
1529 4308 1585 4351 et
1604 4301 1773 4352 Drak.
1799 4300 1864 4350 ad
1889 4301 2064 4352 Silium
2099 4315 2138 4353 1.
2170 4305 2253 4351 61.
2287 4304 2459 4351 Arntz.
