3025 4934
734 441 831 489 nn
878 440 1127 489 snx'ro
1177 438 1524 489 Aunnmo
1570 439 1922 489 vio'ronn.
2388 425 2520 492 857

307 584 565 664 aliisque
591 582 796 663 colligi
823 603 996 665 posse
1023 591 1220 664 putat,
1259 582 1560 643 diversum
1597 583 1777 663 hujus
1815 581 2007 642 libelli
2053 590 2353 644 auctorem
2394 604 2520 645 esse

304 683 386 742 ab
409 702 505 751 eo,
533 681 638 760 qui
673 679 751 739 de
805 679 1140 741 Caesaribus
1188 679 1443 759 scripsit,
1473 678 1638 759 quod
1679 688 1743 739 et
1789 679 2042 740 Barthio
2085 678 2399 740 videbatur
2440 681 2519 741 ad

306 778 572 839 Statium
597 777 788 839 Theb.
816 794 952 838 xu.
978 784 1121 838 664.
1143 777 1248 857 qui
1270 776 1641 855 grammatici
1661 777 1859 857 potius
1877 797 2058 858 quam
2081 778 2345 838 historici
2370 800 2522 859 opus

305 875 578 955 putabat.
662 874 945 935 Ceterum
995 893 1072 934 ea
1117 873 1359 953 quidem
1404 872 1563 934 levia
1615 880 1775 945 sunt,
1831 893 1968 953 quae
2020 874 2162 935 huic
2209 877 2517 936 sententiae

301 972 555 1052 opponit
583 971 810 1031 Burch.
839 970 1115 1032 Gothelf.
1202 969 1478 1032 Struvius
1520 971 1582 1029 in
1625 968 1769 1031 diss.
1808 969 1887 1030 de
1939 969 2187 1050 Origine
2233 971 2517 1035 Romana

300 1077 367 1130 et
388 1068 467 1129 de
486 1088 564 1129 ea
587 1069 987 1150 scriptoribus,
1016 1088 1151 1150 quae
1175 1068 1395 1129 inserta
1417 1076 1507 1128 est
1537 1067 1613 1130 T.
1645 1083 1758 1128 111.
1787 1069 1938 1129 Obs.
1968 1067 2252 1132 Hallens.
2280 1091 2342 1151 p.
2370 1078 2472 1138 93.

302 1297 409 1361 De
442 1298 603 1359 Viris
633 1296 986 1360 Illuetn'bus
1009 1303 1066 1357 el
1100 1296 1198 1357 De
1222 1295 1556 1357 Caesaribus
1604 1296 1858 1369 libellus,
1885 1297 1959 1360 ab
1985 1298 2237 1361 Andrea
2268 1279 2514 1366 Scholia

1141 1396 1407 1474 primum
1435 1393 1652 1474 editus.

385 1551 592 1611 Minus
627 1549 804 1612 hodie
829 1548 1052 1628 ambigi
1075 1547 1252 1618 solet,
1280 1546 1605 1608 Aurelium
1631 1546 1944 1607 Victorem
1979 1568 2183 1612 verum
2212 1560 2512 1613 auctorem

294 1669 428 1710 essse
454 1647 590 1708 libri
614 1647 691 1709 de
737 1646 909 1708 Viris
954 1645 1298 1706 Illustribus
1341 1644 1532 1705 Urbis
1572 1643 1820 1713 Roman
1867 1666 2116 1725 quorum
2155 1647 2373 1728 primus
2420 1662 2513 1711 est

296 1745 552 1817 Ριοιιει,α
602 1766 711 1806 rex
759 1745 1160 1815 Albanorum,
1218 1741 1459 1802 ultimus
1509 1741 1596 1809 Q.
1651 1740 2003 1824 Pompeius.
2087 1743 2219 1806 Hic
2272 1745 2513 1808 libellus

292 1845 516 1924 saepius
538 1843 759 1924 prodiit
785 1844 897 1902 sub
922 1841 1155 1902 nomine
1198 1837 1465 1901 Cornelii
1503 1837 1791 1920 Nepotis,
1837 1838 2110 1919 Suetonii
2151 1841 2510 1924 Tranquilli,

290 1940 398 2002 vel
423 1940 618 2001 Plinii
645 1939 905 2002 Secundi
921 1938 1196 2019 junioris,
1222 1945 1292 1998 ut
1313 1945 1585 1997 notatum
1609 1946 1722 2008 est,
1762 1957 1900 1998 cnm
1931 1937 2011 1998 de
2038 1939 2249 1999 horum
2273 1942 2511 2022 scriptis

287 2037 660 2098 dicebamus.
743 2036 956 2097 Prima
977 2035 1162 2097 editio
1181 2034 1416 2095 videtur
1438 2054 1516 2094 ea
1539 2052 1676 2113 quoe
1700 2054 1837 2095 cum
1857 2033 2049 2094 Plinii
2077 2035 2237 2117 Epp.
2264 2038 2323 2096 in
2351 2037 2509 2098 Ger..

288 2137 498 2196 mania
521 2157 566 2197 s.
597 2136 640 2195 l.
661 2145 723 2197 et
749 2156 805 2196 a.
832 2134 1073 2216 prodiit,
1104 2133 1360 2215 repetita
1386 2131 1496 2202 illa
1524 2130 1798 2212 Neapoli
1823 2139 2009 2195 1476.
2092 2134 2308 2196 Media
2358 2137 2511 2196 inter

286 2234 408 2293 has
430 2233 1007 2295 estFlorent.1474.
1032 2239 1095 2294 8.
1122 2252 1224 2312 ap.
1250 2230 1387 2291 Jac.
1414 2229 1491 2288 de
1519 2229 1755 2309 Ripoli.
1839 2228 1968 2290 His
1989 2232 2278 2311 proximae
2301 2232 2510 2293 viden·-

286 2339 391 2390 tur
416 2350 564 2402 esse,
585 2349 720 2410 quae
751 2328 1086 2389 Mediolani
1119 2329 1231 2388 sub
1257 2327 1485 2387 AEmilii
1513 2326 1709 2387 Probi
1736 2336 1797 2387 et
1825 2326 2016 2388 Plinii
2042 2331 2276 2390 nomine
2303 2351 2349 2390 s.
2381 2329 2421 2391 l.
2449 2342 2511 2392 et

288 2444 351 2484 a.
379 2430 439 2485 4.
463 2422 726 2503 prodiere
755 2421 942 2503 (apud
972 2421 1224 2482 Saxium
1254 2440 1390 2502 pag.
1420 2424 1707 2493 Dcx111.)
1750 2441 1857 2502 per
1897 2420 2080 2502 Casp.
2130 2421 2505 2503 Lampugna·

288 2540 459 2591 num,
487 2520 743 2579 Petrum
774 2517 1180 2589 Melleum,·et
1215 2516 1470 2578 Petrum
1507 2515 1858 2578 Coi-nerum.
1942 2516 2071 2576 Sub
2113 2518 2307 2578 Plinii
2334 2541 2507 2600 porro

288 2618 528 2677 nomine
546 2616 774 2677 editum
797 2615 1083 2676 habemus
1102 2614 1458 2692 Argentinae
1484 2622 1816 2674 correctum
1841 2633 2023 2694 opera
2068 2614 2261 2675 Henr.
2288 2616 2506 2679 Mono-

287 2715 416 2775 ceri
439 2736 496 2773 a.
525 2720 703 2773 1505.
730 2722 794 2773 et
826 2712 1048 2773 editum
1077 2732 1182 2794 per
1200 2711 1337 2773 Jac.
1367 2709 1770 2783 Gottesheim,
1806 2711 1911 2792 qui
1941 2711 2001 2771 in
2031 2711 2198 2793 praef.
2225 2712 2396 2787 dicit,
2443 2738 2506 2776 se

290 2821 433 2872 ante
459 2810 691 2890 aliquot
719 2830 903 2892 annos
942 2797 1345 2871 enarrationes
1369 2805 1659 2890 quasdam
1700 2809 1763 2868 in
1801 2808 1962 2870 hunc
2008 2808 2279 2870 libellum
2321 2832 2504 2874 excu-

286 2910 467 2971 disse.
552 2906 632 2968 In
684 2908 866 2968 nostri
914 2908 1176 2989 exempli
1219 2906 1396 2967 titulo
1447 2907 1685 2987 scripsit
1735 2906 1983 2985 antiqua
2033 2926 2263 2979 manuS,
2320 2919 2337 2945 ‘
2356 2931 2508 2992 opus

292 3000 482 3065 Corn.
528 3004 819 3085 Nepotis,
850 3004 1088 3083 judicio
1139 3005 1407 3085 magistri
1455 3002 1617 3065 Her.
1671 3002 1972 3063 Barbari.'
2052 3002 2183 3063 Sub
2237 3004 2505 3068 Suetonii

287 3101 528 3161 nomine
555 3102 782 3183 prodiit
806 3102 969 3183 Lips-
999 3110 1181 3166 1507.
1208 3111 1271 3165 4.
1314 3122 1454 3164 cum
1500 3101 1826 3162 Machanei
1870 3100 2040 3161 notis.
2126 3100 2337 3182 Hujus
2362 3104 2502 3165 Ma-

287 3198 504 3258 chanei
528 3221 577 3259 s.
608 3200 926 3260 Maccanei
950 3198 1380 3261 Commentarii
1408 3200 1470 3260 in
1492 3200 1650 3259 hunc
1674 3196 1945 3258 libellum
1971 3197 2239 3278 prodiere
2258 3199 2506 3266 Taurini

285 3314 340 3354 s.
371 3313 427 3355 a.
457 3295 518 3354 in
544 3303 603 3357 4.
627 3316 730 3377 per
758 3297 929 3376 Mag.
963 3296 1178 3358 Franc.
1205 3296 1282 3358 de
1312 3295 1500 3358 Silva.
1582 3296 1732 3356 Vid.
1760 3294 2011 3356 Saxium
2034 3296 2094 3355 in
2125 3294 2296 3359 Hist.
2319 3297 2500 3362 Liter·
2523 3325 2538 3339 ⁹

288 3389 668 3473 Typograph.
694 3392 950 3456 Mediol.
968 3414 1030 3476 p.
1055 3410 1408 3456 cccxxxv.
1429 3395 1533 3453 ubi
1551 3393 1627 3454 de
1658 3394 1994 3456 Maccaneo
2015 3394 2141 3473 ipso
2159 3391 2502 3459 videndum.

289 3483 449 3546 Post
487 3485 745 3565 Argent.
782 3494 966 3553 1517.
995 3495 1057 3549 4.
1083 3500 1220 3550 cum
1247 3487 1452 3548 iisdem
1483 3489 1654 3548 notis.
1735 3487 1891 3547 Tum
1919 3507 2054 3547 eum
2084 3487 2281 3548 Duaci
2321 3496 2499 3550 1582.

284 3581 480 3646 edidit
496 3584 692 3644 Andr.
748 3583 1060 3646 Schottus:
1103 3594 1166 3647 et
1184 3606 1321 3646 cum
1346 3587 1476 3663 ejus
1502 3595 1565 3645 et
1591 3585 1917 3645 Machanei
1942 3584 2183 3645 scholiis
2208 3595 2340 3667 post
2365 3608 2501 3668 pro—

286 3679 405 3740 diit
442 3678 720 3741 Francof.
751 3688 929 3743 1609.
973 3681 1018 3741 f.
1052 3682 1382 3763 praemissus
1417 3681 1698 3743 Cornelio
1736 3680 1989 3763 Nepoti.
2070 3681 2181 3742 Ab
2206 3682 2503 3763 aliquibus

284 3776 563 3886 Tacitum
588 3777 617 3813 ὅ
660 3777 955 3858 proditum
981 3799 1107 3839 esse
1135 3787 1436 3840 auctorem
1461 3777 1645 3837 refert
1662 3775 1973 3859 Gyraldus
2012 3778 2363 3858 dialogismo
2401 3787 2502 3841 26.

352 3955 586 4020 cheog1
572 3956 965 4006 ursCassande
1019 3957 1068 4005 in
1125 3956 1360 4006 snaedi-
1490 3954 1979 4018 ἰῈιιῑειιιι,ι1ιιιεει
2040 3966 2287 4007 atorem
2347 3960 2500 4008 mlta

284 4020 437 4135 tirone,
483 4036 578 4083 qua
581 4037 624 4068 m
666 4020 812 4069 Plinii
851 4036 917 4069 no
888 4022 1017 4070 omin
1019 4038 1048 4071 e
1101 4022 1361 4086 inscripsit,
1426 4020 1529 4068 iiull
1532 4019 1721 4069 sifidel
1724 4030 1797 4069 ter
1830 4029 1998 4084 repete
1997 4037 2065 4070 re.
2134 4024 2316 4072 Passim
2353 4026 2496 4073 etiam

284 4150 392 4199 Eva
361 4086 596 4215 sodli-giiii?
577 4096 633 4144 ιη’
617 4087 782 4200 Lilitiin
786 4095 919 4216 ἔξω
952 4087 1247 4200 Ptrochcassi
1247 4102 1360 4200 ιθιεῐιιῖἱ
1425 4101 1478 4199 pu
1481 4036 1567 4207 ἐξ),
1593 4100 2021 4199 ιιοῑιιῑῖἷιιιᾳὲιῦηξ
2007 4103 2213 4200 ιιυιιδνίιὲι
2132 4163 2251 4202 oest
2217 4089 2349 4202 erbg
2352 4105 2448 4219 Spu
2441 4106 2496 4204 1}-

283 4215 409 4266 alios
442 4216 510 4263 iet
484 4232 558 4263 em
600 4231 773 4265 novem
803 4216 918 4265 ine
890 4224 1106 4268 extremo
1129 4217 1255 4277 libri,
1278 4232 1340 4282 qu
1342 4217 1362 4266 i
1428 4215 1549 4265 tiani
1571 4215 1863 4266 Hadrianum
1887 4230 1998 4281 cap.
2021 4219 2067 4267 1.

281 4279 510 4349 Pompeii
529 4287 671 4334 aetats
691 4282 971 4336 floruerunt.
