3025 4934
873 397 1105 450 sssxr1
1157 397 1482 447 Annum!
1541 395 1915 448 vroroms.
2363 384 2496 451 863

282 548 472 616 nium,
527 564 725 606 mense
772 543 959 603 Junio
1015 535 1363 603 Mva111.'
1451 541 1773 602 Dedicatio
1824 551 1886 602 et
1936 540 2205 622 praefatio
2262 541 2494 602 Erasini

281 644 507 723 scripta
530 650 622 702 est
649 642 1002 720 Antverpiae
1031 640 1237 704 Nonis
1261 638 1458 700 Juniis
1484 646 1666 704 1517.
1694 643 1754 700 in
1779 662 1901 721 qua
1925 642 2035 712 ait,
2060 662 2124 701 se
2150 640 2209 698 in
2235 641 2327 700 his
2352 662 2496 703 auc.

282 741 510 801 toribus
538 739 829 821 permulta
853 740 1178 799 correxisse
1206 747 1268 798 et
1298 729 1638 798 restituisse.
1724 737 1984 799 Viderat
2028 747 2225 799 autem
2266 742 2496 800 nonnisi

283 837 539 917 primum
574 835 941 897 collectionis
981 834 1226 897 Aldiuae
1270 836 1590 903 volumen3
1634 834 1796 916 quod
1836 844 2127 896 testantur
2168 836 2299 897 haec
2338 836 2510 897 illius

281 934 508 994 verba:
554 943 572 969 ‘
599 933 757 993 Cum
782 933 940 995 hanc
957 932 1279 993 editionem
1298 934 1433 1011 jam
1458 931 1856 1004 adornassem,
1872 932 2247 994 commodum
2281 932 2500 994 allatus

283 1040 377 1092 est
404 1031 745 1101 SuetoniuS,
773 1029 1020 1091 Aldinis
1053 1030 1217 1111 typis
1257 1048 1535 1100 excusus,
1577 1029 1682 1090 sed
1725 1029 2072 1090 emendatus
2107 1050 2288 1110 opera
2332 1029 2501 1111 Bap-

283 1129 442 1189 tistae
491 1127 758 1207 Egnatii,
799 1127 911 1188 viri
951 1126 1293 1207 cumprimis
1341 1135 1467 1186 tum
1520 1127 1754 1205 integri,
1801 1134 1929 1187 tum
1975 1126 2206 1187 eruditi.
2292 1127 2500 1208 Atque

284 1226 538 1294 utinam,
567 1234 635 1284 ut
662 1214 1032 1296 Suetonium,
1068 1223 1385 1284 Aurelium
1410 1223 1748 1295 Victorem,
1795 1233 1859 1284 et
1912 1223 2269 1305 Eutropium
2309 1224 2501 1295 dedit,

284 1323 373 1382 ita
393 1330 456 1382 et
479 1322 705 1381 AElium
736 1321 1142 1403 Spartianum,
1168 1330 1511 1400 ceterosque
1536 1320 1676 1380 huic
1693 1320 2007 1400 adjunctos
2026 1322 2199 1382 nobis
2221 1321 2500 1404 dedisset,

287 1421 351 1479 in
392 1420 609 1499 quibus
653 1437 762 1479 nos
811 1418 1107 1500 permulta
1153 1418 1555 1479 restituimus!
1635 1417 1758 1478 Sed
1812 1419 1929 1478 hac
1981 1418 2325 1499 praefatione
2366 1423 2501 1500 jam

288 1519 513 1598 scripta
538 1527 599 1576 et
623 1537 903 1597 expressa
927 1517 1109 1598 typis,
1150 1516 1386 1596 accepit
1429 1513 1759 1574 Frobenius
1795 1513 2088 1575 codicem
2132 1515 2254 1576 Ms.
2296 1537 2331 1575 e
2374 1537 2503 1577 mo·

289 1614 550 1675 nasterio
585 1614 992 1687 Morbacensi,
1031 1622 1093 1673 et
1118 1612 1213 1674 ed.
1257 1611 1503 1672 Aldinae
1529 1612 1782 1671 alterum
1807 1612 2108 1683 volumen,
2134 1613 2295 1693 quod
2320 1614 2504 1674 habet

293 1712 626 1792 Scriptores
654 1710 948 1771 Historiae
976 1710 1270 1789 Augustae
1302 1709 1590 1770 Minores.
1675 1707 1896 1788 Itaque
1922 1709 1996 1769 iis
2028 1709 2117 1769 usi
2144 1718 2281 1769 sunt
2306 1710 2385 1771 ad
2412 1721 2514 1769 rea·

291 1809 462 1889 liqua
499 1808 894 1887 castiganda:
955 1808 1015 1867 in
1060 1809 1152 1878 iis,
1209 1825 1345 1886 quae
1386 1808 1523 1886 jam
1572 1825 1851 1887 expressa
1895 1814 2068 1866 erant
2113 1806 2296 1886 typis,
2358 1809 2504 1868 satis

289 1906 553 1964 habuere
605 1905 890 1965 lectiones
930 1904 1127 1965 varias
1171 1904 1472 1982 utriusque
1519 1902 1657 1962 libri
1700 1921 2040 1983 excerpere,
2083 1911 2147 1962 et
2196 1904 2257 1962 in
2307 1906 2504 1985 capite

291 2003 489 2083 operis
526 2002 769 2062 addere.

377 2133 460 2146 -
501 2099 757 2170 Aldina,
780 2106 842 2160 8.
885 2097 1079 2158 Plinii
1106 2097 1265 2178 Epp.
1311 2104 1375 2156 et
1412 2097 1649 2175 Paneg.
1696 2096 1882 2156 habet
1924 2099 2105 2159 etiam
2133 2098 2403 2159 libellum
2429 2097 2505 2159 de

294 2195 465 2256 Viris
491 2196 853 2256 Illustribus.

376 2299 537 2353 1521
582 2293 880 2365 Venetiis,
909 2291 1144 2354 Aldina
1173 2309 1251 2352 11.
1275 2292 1544 2371 Egnatii‚
1572 2299 1632 2353 8.
1678 2291 1778 2352 De
1800 2291 1955 2353 Vita
1982 2300 2046 2353 et
2074 2291 2351 2353 Moribus
2376 2292 2505 2353 Im-

292 2399 631 2471 peratorum
672 2399 957 2471 excerpta
980 2411 1061 2450 ex
1083 2389 1275 2450 Sexto
1303 2388 1597 2451 Aurelio:
1640 2390 1781 2449 item
1828 2390 2103 2470 Eutropii
2147 2411 2207 2451 c.
2255 2412 2312 2450 n.
2359 2390 2505 2451 Des,

297 2489 558 2560 Erasmi,
601 2496 665 2547 et
710 2487 923 2548 Paulli
976 2486 1237 2548 Diaconi
1290 2487 1367 2548 de
1423 2487 1631 2547 Gestis
1675 2486 2086 2548 Romanorum
2135 2488 2507 2568 libri,xv11.

298 2585 458 2645 Cum
487 2584 792 2645 Suetonio.
877 2584 1344 2664 Havercampus
1368 2583 1641 2644 contulit.

379 2689 544 2743 1524
583 2682 882 2754 Venetiis,
903 2690 963 2742 8.
1006 2682 1218 2741 eadem
1240 2681 1518 2761 repetita,
1546 2689 1695 2740 teste
1723 2680 2024 2741 Fabricio.

380 2786 543 2843 1527
586 2780 881 2851 Coloniae,
910 2778 1017 2839 fol.
1053 2778 1225 2839 Sext.
1266 2777 1421 2838 Aur.
1450 2777 1688 2849 Victor,
1717 2779 2062 2860 Eutropius,
2081 2787 2143 2838 et
2170 2777 2342 2839 Sext.
2373 2779 2510 2840 Ru-

296 2881 416 2951 fus,
445 2882 600 2940 inter
628 2878 875 2959 Scriptt.
902 2877 997 2939 H.
1028 2877 1116 2938 A.
1141 2885 1377 2938 curatos
1404 2878 1482 2937 ab
1512 2877 1762 2937 Erasmo
1788 2898 1887 2938 an.
1914 2884 2098 2937 1518.

385 2983 545 3037 1529
585 2975 860 3046 ParisiiS,
886 2982 948 3034 8.
989 2993 1088 3055 ap.
1110 2972 1443 3033 Colinaeum
1468 2974 1727 3053 repetita
1743 2982 1834 3035 est
1861 2972 2095 3034 Aldina
2120 2995 2216 3036 an.
2248 2980 2431 3035 1516.

383 3108 466 3121 --
502 3072 648 3134 ibid.
680 3080 743 3132 8.
786 3069 981 3132 Plinii
1020 3069 1227 3148 (Sext.
1262 3069 1417 3129 Aur.
1467 3069 1761 3143 Victoris)
1800 3070 1892 3130 de‘
1924 3069 2091 3130 Viris
2144 3070 2511 3144 IllustribuS,

298 3192 438 3232 cum
483 3169 678 3230 Plinii
732 3170 894 3250 Epp.
939 3176 1006 3228 et
1059 3163 1296 3245 Paneg.
1354 3168 1423 3229 it.
1483 3166 1772 3228 Suetonio
1824 3175 1887 3227 et
1930 3167 2060 3228 Jul.
2106 3167 2515 3247 Obsequente.

302 3267 496 3350 Apud
521 3267 688 3327 Rob.
719 3266 1109 3347 Stephanum.

385 3372 549 3426 1530
591 3364 862 3434 Parisiis,
889 3371 950 3423 8.
1015 3362 1186 3422 Sext.
1216 3362 1371 3422 Aur.
1399 3361 1621 3424 Victor
1665 3363 1740 3424 de
1778 3364 1945 3423 Vitis
1986 3363 2291 3424 Caesarum
2347 3384 2383 3423 a
2430 3363 2513 3423 D·

304 3461 690 3542 Augustoad
717 3461 1118 3521 Theodosium
1156 3479 1363 3540 usque.
1451 3459 1610 3519 Cum
1651 3460 1905 3521 Justino.
1955 3462 2157 3522 Paris,
2208 3482 2310 3541 ap.
2364 3461 2511 3523 Sim.

305 3561 661 3621 Colinaeum.
2375 3588 2386 3594 ·

387 3692 471 3703 —
514 3655 794 3728 Basileae,
821 3663 881 3715 8.
924 3675 1023 3735 ap.
1046 3653 1463 3714 Cratandrum.
1550 3651 1723 3713 Idem
1749 3653 2004 3714 libellus.

386 3759 548 3813 1531
591 3751 868 3823 Parisiis,
904 3759 965 3814 8.
995 3771 1094 3832 ap.
1146 3750 1300 3810 Sim.
1353 3749 1690 3809 Colinaeum
1733 3750 1973 3812 Aldina
2017 3756 2198 3811 1516.
2242 3753 2528 3832 repetita.‘

307 3848 549 3910 Ibidem
574 3848 785 3909 Paulli
817 3847 1077 3908 Diaconi
1104 3848 1270 3907 Libri
1313 3859 1472 3907 vul.
1500 3846 1578 3906 de
1607 3845 1816 3906 Gestis
1842 3847 2027 3907 Rom.
2056 3846 2134 3907 ad
2161 3848 2517 3927 Eutropium

306 3946 553 4103 ὃᾶῗὲζζῦ
596 4041 880 4110 Basileae,
917 4041 1024 4103 fol.
1078 4041 1303 4101 Omnia
1327 4061 1509 4121 quam
1539 4041 1790 4101 antehac
1818 4041 2259 4101 emendatiora:
2306 4040 2517 4100 Anno-

305 4142 567 4202 tationes
614 4138 761 4198 Des·
815 4139 1047 4198 Erasmi
1094 4147 1157 4197 et
1204 4138 1450 4216 Egnatii
1502 4139 1742 4216 cognitu
1796 4137 2013 4216 dignae.
2092 4140 2166 4198 C.
2199 4137 2521 4197 Suetonius

304 4236 715 4315 Tranquillus,
747 4234 912 4294 Dion
941 4235 1203 4305 CassiuS,
1231 4233 1424 4294 AElius
1454 4235 1828 4315 SpartianuS‚
1877 4233 2076 4293 Julius
2122 4232 2518 4313 Capitolinus,

310 4335 508 4396 AElius
536 4333 933 4414 Lampridius,
964 4333 1283 4395 Vulcatius
1311 4333 1688 4405 Gallicanum,
1733 4323 2068 4392 Trebellius
2097 4331 2327 4402 Pollio,
2378 4330 2518 4388 Fla-
