3025 4934
515 404 811 456 Auum..
848 403 1046 455 VIO'I'·
1070 404 1306 456 vmos
1351 405 1703 458 lnnus‘rlt.
1752 406 1917 457 cAP.
1964 407 2263 459 xxxvl.

299 551 358 601 in
377 547 653 601 scribendo
672 548 799 599 libri
819 562 1018 600 omnes.
1048 548 1131 600 Ex
1152 549 1370 614 impres·

296 630 369 680 sis
389 628 606 694 quidam
635 626 838 678 Volsinii.
886 627 1020 678 Mes.
1050 626 1289 684 Vulsinia,
1310 632 1372 675 ut

296 704 392 755 boc
412 703 578 768 opidi,
602 702 827 753 Vulsinii
852 702 1033 766 popuii
1073 716 1257 751 nomen
1281 701 1372 765 sit,

295 779 431 831 unde
457 779 600 830 Anu.
623 779 786 839 Flor„
806 779 822 807 ‘
841 778 1061 828 Volsinii
1089 778 1370 842 opulentis·

295 859 408 908 simi
432 857 666 907 Etruria
688 853 910 920 populi.'
965 855 1176 907 Valsiaii
1197 863 1371 905 antem

295 931 695 996 tetrasyllabum
716 933 769 981 iu
798 932 1149 982 Marmoribus
1184 933 1371 982 Roma·

293 1010 396 1070 υἷες
420 1008 546 1058 inde
557 1009 929 1059 Vulsinienses.
963 1008 1140 1058 Str-ab.
1154 1016 1210 1058 et
1222 1008 1365 1058 Ptol.

296 1084 582 1134 Οόολσίνιον
614 1085 865 1148 oppidum
910 1085 1182 1147 appellant
1222 1084 1369 1148 quin·

293 1175 394 1227 qne
428 1160 671 1226 syllabis.
726 1162 845 1211 Nee
880 1159 1116 1224 defuere,
1138 1161 1226 1225 qni
1255 1161 1367 1210 Vol·

292 1240 472 1290 uarios
492 1239 840 1302 nominarent,
862 1240 1011 1303 quasi
1036 1254 1069 1288 a
1098 1241 1114 1269 ‘
1138 1239 1337 1289 Volscis
1352 1238 1368 1261 ’

291 1315 562 1366 oriundos.
593 1315 780 1366 Schote-
824 1315 988 1379 (Vide
1014 1317 1185 1366 Leett.
1210 1315 1367 1381 Var.)

292 1392 357 1441 In
382 1397 533 1442 tanta
555 1394 813 1441 varietate
828 1398 1038 1442 secutus
1054 1407 1165 1442 sum
1184 1389 1365 1443 Schot-

291 1476 404 1518 tnm
445 1475 504 1518 et
544 1467 744 1518 Grovii
766 1467 1025 1531 judicium
1061 1467 1129 1517 sd
1161 1468 1302 1520 Flor.
1324 1483 1366 1519 r.

288 1549 373 1595 21.
413 1552 475 1594 nt
513 1543 739 1593 Havete.
772 1542 840 1591 ad
871 1543 1182 1593 Tertullian.
1206 1542 1362 1609 Apol.

288 1633 411 1684 esp.
430 1623 517 1669 40.
541 1633 594 1681 p.
618 1621 733 1668 846.
767 1616 942 1667 Arntz.
1138 1615 1145 1622 ‘

351 1694 604 1758 Luxuria]
635 1694 882 1745 Omnium
907 1707 1076 1744 rerum
1107 1692 1362 1758 superflu-

218 1805 223 1812 ›
288 1771 392 1821 itas
413 1771 630 1821 dieitur.
697 1768 853 1823 Quod
876 1769 964 1819 ille
988 1770 1238 1820 iudicavit
1259 1772 1364 1834 sig-

286 1853 416 1897 nate
439 1862 456 1896 z
497 1854 512 1876 ‘
530 1845 811 1895 Luxuriam
836 1845 1007 1911 fugito
1031 1847 1184 1897 simul
1213 1856 1266 1895 et
1291 1847 1363 1896 vi·

286 1930 407 1974 tare
429 1921 734 1973 memento-⁹
768 1923 936 1974 Mach-
1002 1923 1098 1974 Sil.
1123 1924 1252 1973 Ital.
1274 1923 1368 1974 lib.

287 2014 389 2051 xv.
413 2015 490 2050 vs.
511 2004 597 2050 92.
628 2001 644 2028 ‘
661 1999 809 2049 Idem
840 2000 1079 2064 adspice,
1106 2001 1213 2050 late
1245 2001 1363 2050 Flo-

285 2084 469 2127 rentes
503 2074 765 2140 qnondam
804 2076 953 2128 luxus
984 2090 1114 2140 quas
1146 2076 1366 2127 verterit

287 2149 489 2202 nrbes.’
553 2150 697 2203 Just.
722 2164 817 2200 xx.
838 2155 890 2202 4.
911 2153 941 2216 ξ
962 2156 1011 2200 6.
1046 2152 1062 2180 ‘
1083 2151 1229 2201 Vitia
1252 2152 1366 2200 lux·

284 2230 440 2288 urie,
477 2241 736 2292 casusque
774 2228 1070 2277 civitatium
1108 2242 1174 2277 ea
1212 2237 1365 2291 peste

286 2305 613 2370 ‘perditarum
635 2304 975 2354 enumerabat
994 2303 1029 2354 :’
1050 2311 1106 2355 et
1121 2305 1364 2355 Kuhuius

285 2383 355 2433 ad
383 2384 568 2433 AElian.
591 2384 718 2434 Var.
743 2383 886 2434 Hist.
910 2396 951 2432 1.
972 2387 1054 2433 19.
1088 2383 1265 2433 Aratz.

352 2458 640 2522 Perierant]
698 2458 917 2508 Orosius
968 2472 1046 2508 lv.
1084 2465 1137 2509 5.
1183 2467 1200 2490 ‘
1235 2460 1365 2508 Vul-

282 2535 543 2586 sinienses
601 2536 939 2585 Etruseorum
1011 2532 1363 2585 florentissimi

281 2614 489 2663 luxuria
525 2627 661 2678 pene
694 2613 967 2677 perierunt
985 2611 1020 2661 ε’
1054 2613 1129 2663 ibi
1163 2613 1216 2663 in
1255 2614 1363 2664 Ma.

287 2696 375 2741 est
395 2691 605 2740 lux-ria
629 2706 786 2754 poena.
819 2690 1005 2740 Arntz.

351 2765 782 2829 Mammium-eat]
816 2766 863 2815 1.
907 2780 955 2814 e.
1001 2765 1364 2829 ‘liberarent,’

285 2845 434 2909 quasi
457 2850 613 2894 extra
631 2858 837 2894 manum
861 2842 924 2908 (i.
943 2857 992 2892 e.
1015 2844 1365 2909 potestatem)

288 2921 614 2971 emitterent.
648 2920 822 2971 Maeh.

352 2998 490 3048 Dans
525 2998 580 3047 ia
613 2997 819 3062 uriam]
857 2998 982 3047 Mox
1022 3012 1248 3048 consensu
1285 3012 1361 3047 eo·

283 3088 395 3123 ran
420 3088 489 3121 ex
530 3073 658 3123 Mu.
682 3074 1013 3136 scripsimns3
1048 3073 1364 3136 addidimus·

285 3163 389 3213 que
424 3149 688 3212 superavit,
710 3147 849 3197 unde
881 3156 968 3199 aut
995 3148 1196 3200 factum
1231 3156 1365 3201 erat.

285 3225 376 3276 Sic
417 3226 555 3275 enim
591 3224 789 3275 habent
828 3223 961 3276 Mss.
1001 3225 1162 3275 decius
1196 3225 1281 3275 lib.
1315 3241 1361 3275 o.

282 3302 548 3366 superauit,
570 3303 760 3352 necavit
791 3303 846 3352 in
880 3318 1088 3367 earcere,
1118 3308 1204 3353 sat
1237 3306 1361 3354 dous.

283 3379 488 3430 Sebott.
560 3379 814 3430 Retinere
836 3381 968 3429 malo
991 3395 1107 3430 cum
1135 3382 1360 3431 Schotto

286 3457 416 3515 dein,
438 3457 671 3520 quamvis
695 3463 754 3506 nt
789 3457 1012 3519 ingenue
1033 3457 1228 3518 fatear,
1249 3473 1361 3507 om·

285 3546 378 3582 nes
404 3534 490 3582 vel
525 3532 708 3596 scripti
741 3533 825 3583 vel
857 3533 987 3583 editi
1015 3536 1130 3584 dam
1162 3534 1215 3585 is
1253 3550 1357 3586 car.

284 3608 415 3659 Eam
439 3622 567 3657 vero
599 3622 754 3672 quam
792 3610 1042 3673 proponit
1078 3611 1356 3661 lectionem

284 3685 534 3749 amplecti
555 3698 658 3734 non
681 3699 891 3750 possum
914 3701 931 3747 ς
964 3687 1078 3735 dum
1098 3686 1234 3736 enim
1256 3687 1357 3736 boe

281 3760 338 3811 in
385 3762 504 3811 loeo
546 3761 883 3811 indicativum
940 3763 1252 3826 requireret.
1296 3771 1357 3815 ut

283 3836 510 3888 diximus
533 3852 650 3900 sup.
672 3852 720 3885 e.
739 3842 789 3887 8.
811 3838 840 3902 §
861 3842 912 3888 4.
965 3839 1238 3889 Praeterea
1259 3853 1356 3903 pro

281 3927 442 3962 eoram
482 3912 792 3962 retinuimus
837 3927 931 3963 nos
968 3928 1230 3975 mmm,
1264 3930 1355 3964 vo·

282 3989 506 4038 lentibus
541 3989 783 4038 omnibns
825 3991 1036 4053 seriptis
1081 3999 1139 4041 et
1176 3990 1356 4055 editis,

285 4066 470 4130 quibus
493 4065 604 4115 sine
637 4066 1093 4117 necessitate'non
1129 4067 1357 4117 libenter

288 4155 368 4190 me
389 4156 622 4205 oppono.
687 4141 760 4191 Et
779 4139 1025 4198 fortasse,
1045 4142 1088 4191 si
1108 4142 1224 4207 quis
1254 4158 1356 4193 ser·

287 4233 447 4270 soram
484 4218 715 4268 retinere
749 4217 952 4284 mallet,
975 4232 1093 4270 eum
1135 4220 1282 4271 Leid-
1308 4224 1354 4270 l.

2364 393 2500 462 583

1444 548 1683 675 {affirm
1718 564 1879 603 servos
1917 565 2021 603 non
2060 553 2198 605 male
2230 551 2510 607 deleretur.

1576 641 1623 675 2·

1508 703 1539 765 ς
1563 706 1595 751 2
1627 701 1864 767 Indigna]
1898 703 2115 768 Optime
2156 704 2294 756 hane
2327 720 2508 756 vocem

1444 791 1538 826 suo
1558 778 1643 827 bic
1669 779 1784 829 loeo
1806 779 2041 843 adhibet,
2055 796 2255 833 summa
2274 784 2409 832 enim
2429 784 2511 833 in-

1442 851 1670 915 dignitas
1715 856 1920 905 censeri
1961 855 2141 920 debet,
2186 859 2231 907 si
2274 859 2409 909 servi
2451 874 2509 910 se

1442 930 1609 981 nostri
1633 931 1784 982 nobis
1807 946 2112 997 proeponere
2134 935 2381 984 audeant.
2423 937 2509 985 Li-

1444 1006 1558 1055 vius
1581 1019 1705 1058 ιιι.
1727 1012 1811 1058 41.
1843 1008 1859 1036 ‘
1876 1008 1982 1058 Sed
2006 1023 2121 1059 enm
2154 1009 2511 1072 indignatione

1443 1082 1667 1147 quadam
1691 1092 1851 1147 atque
1874 1086 1982 1147 ira,
1998 1086 2142 1135 velut
2166 1086 2210 1135 si
2235 1102 2412 1137 servos
2433 1089 2511 1137 vi·

1443 1158 1612 1210 deatis
1650 1168 1852 1210 vestros
1889 1174 2033 1211 arma
2066 1168 2287 1225 repente
2324 1150 2513 1214 eontra'

1439 1249 1534 1285 vos
1577 1232 1848 1286 ferentes.’
1911 1235 2044 1287 Seu.
2076 1236 2144 1285 de
2185 1233 2376 1287 Beuef.
2416 1253 2509 1291 ιιι.

1440 1315 1523 1361 28.
1558 1312 1573 1338 ⁸
1590 1312 1665 1363 Ut
1688 1310 1941 1362 beneficia
1960 1315 2164 1364 aservis
2184 1313 2509 1378 indignemur

1441 1386 1721 1451 accipere?
1780 1389 1814 1440 J
1823 1389 1979 1439 nstin.
2000 1403 2088 1440 ιιι.
2113 1397 2163 1440 5.
2184 1391 2213 1455 §
2234 1393 2284 1439 3.
2315 1391 2333 1419 ‘
2350 1390 2508 1444 Quod

1438 1463 1691 1513 adversus
1725 1478 1901 1515 servos
1924 1464 2271 1516 dimicandum
2302 1467 2511 1516 videba-

1438 1544 1544 1590 tur.
1613 1540 1802 1604 Itaque
1833 1554 1950 1590 cnm
1988 1543 2112 1592 hinc
2144 1543 2352 1606 injuria,
2385 1544 2509 1595 inde

1437 1616 1719 1680 indignitas
1742 1617 1939 1667 animos
1960 1627 2170 1669 acueret
2189 1618 2223 1670 ε’
2258 1627 2315 1670 et
2340 1634 2511 1671 xvm.

1437 1696 1488 1742 8.
1513 1695 1541 1757 ξ
1563 1697 1616 1742 6.
1648 1692 1666 1721 ‘
1680 1692 1729 1743 A
1750 1694 1914 1743 servis
1939 1695 2042 1743 suis
2064 1695 2395 1746 multitudine
2417 1696 2512 1747 ab·

1439 1769 1755 1819 undantibus
1813 1770 2023 1833 indigna
2076 1770 2333 1835 supplicis
2390 1786 2508 1835 per·

1439 1845 1577 1908 pessi
1614 1844 1788 1894 suntz’
1820 1852 1876 1896 et
1910 1847 2066 1897 Oros.
2091 1861 2155 1897 ιι.
2178 1851 2259 1898 12.
2294 1850 2310 1877 ‘
2332 1847 2509 1911 Indig-

1438 1936 1557 1972 nam
1581 1922 1647 1972 de
1669 1923 1833 1972 servis
1858 1924 2130 1974 victoriam
2154 1924 2382 1988 desuper
2411 1927 2511 1976 eti·

1439 2013 1524 2048 am
1549 2014 1644 2049 sua
1668 2005 1834 2049 morte
1857 1998 2170 2050 foedaverit.’
2201 2000 2342 2050 Male
2360 2002 2508 2054 Leid.

1434 2082 1488 2129 1.
1509 2078 1711 2141 indigae
1729 2093 1747 2127 x
1777 2086 1960 2141 postea
1976 2079 2141 2128 Rom
2159 2078 2509 2142 expressimus

1439 2167 1507 2204 ex
1531 2156 1660 2204 Mss.
1684 2161 1738 2205 et
1775 2154 2004 2205 editione
2026 2155 2233 2206 Veneta
2255 2160 2311 2205 et
2333 2155 2510 2207 Mach.

1437 2229 1617 2280 Arutz.

1504 2305 1687 2355 Decius
1723 2303 1956 2369 Murena]
1998 2304 2047 2355 A
2087 2306 2297 2356 vivariis
2336 2321 2508 2357 mure·

1440 2395 1618 2431 narum
1645 2383 1862 2444 piscium
1896 2381 2089 2446 primus
2123 2382 2176 2431 in
2212 2397 2278 2433 ea
2311 2381 2510 2434 familia

1439 2473 1728 2523 cognomen
1774 2461 1985 2511 meruit.
2052 2460 2287 2510 Martial.
2338 2464 2354 2491 ‘
2376 2463 2508 2514 Quae

1438 2543 1588 2584 natat
1619 2536 1672 2585 in
1702 2536 1877 2585 Siculo
1915 2536 2125 2598 grandis
2148 2551 2362 2586 murena
2387 2551 2507 2601 pro,-

1434 2608 1634 2661 fuhdo?
1665 2612 1831 2661 Maeli·
1880 2610 2169 2661 Mediolan.
2188 2613 2372 2662 Decius
2388 2614 2507 2663 Mus

1437 2687 1798 2751 impresserat,
1818 2703 1935 2738 nam
1960 2689 2154 2751 vulgati
2180 2690 2311 2739 male
2338 2691 2507 2741 Mare·

1435 2777 1518 2818 aa,
1543 2763 1625 2812 vel
1641 2764 1884 2820 Murena,
1899 2772 1955 2813 ut
1976 2764 2261 2828 Gryphius.
2314 2767 2380 2816 In
2403 2780 2505 2817 uno

1437 2841 1639 2904 scripto
1681 2842 1800 2890 Mus
1844 2839 2033 2897 abfuit,
2077 2841 2131 2890 iu
2169 2843 2337 2892 altero
2359 2842 2507 2892 Deci·

1434 2932 1542 2967 mus
1573 2925 1706 2980 erat,
1729 2925 1798 2967 -et
1833 2917 2074 2982 ἐπιγραφὴ
2112 2919 2249 2969 talis.
2315 2917 2393 2968 At
2415 2933 2505 2968 an·

1435 2993 1580 3041 nales
1603 2993 1882 3056 Capitolini
1906 2994 2004 3042 boc
2027 3007 2164 3042 anno
2185 3005 2507 3045 cnxxcvm.

1436 3081 1583 3117 cons.
1616 3070 1715 3118 boc
1751 3069 1959 3117 nomine
1982 3075 2174 3131 negant
2195 3067 2375 3118 fuisse.
2444 3070 2504 3121 L.

1437 3146 1669 3196 Annaeus
1688 3160 1727 3195 1.
1750 3151 1910 3196 2l··et
1934 3145 2003 3195 de
2022 3146 2227 3196 Graecis
2249 3146 2506 3210 Zonaras,

1435 3224 1505 3277 Q.
1529 3223 1748 3275 Fabium
1770 3224 2057 3274 Maximum
2082 3223 2361 3285 Gurgitem
2400 3235 2505 3275 ter-

1435 3301 1565 3350 tium
1589 3302 1849 3351 consulem
1873 3301 1933 3352 L.
1958 3300 2177 3350 Mamilii
2199 3301 2365 3351 vituli
2397 3301 2505 3350 eol·

1433 3377 1606 3442 legam
1630 3378 1680 3427 ei
1701 3377 1841 3428 bello
1863 3376 2182 3440 preficiunt,
2203 3377 2255 3426 in
2273 3391 2377 3441 quo
2392 3377 2506 3427 vul-

1433 3468 1560 3504 nere
1583 3462 1805 3518 aceepto
1820 3453 1995 3518 periit.
2044 3453 2352 3518 Insequenti
2378 3467 2503 3504 vero

1434 3544 1571 3582 anno
1592 3530 1745 3581 finem
1768 3533 1816 3580 ei
1840 3529 2106 3594 imposuit,
2126 3537 2181 3578 et
2217 3529 2501 3592 triumpha·

1433 3608 1510 3657 vit
1527 3607 1593 3656 de
1606 3607 2021 3657 Volsiniensibus
2038 3606 2115 3655 Μ.
2130 3607 2340 3656 Fulvius
2355 3607 2506 3656 Flae·

1431 3698 1545 3734 eus.
1592 3682 1769 3733 Labor
1792 3684 1984 3747 itaque,
2002 3690 2062 3732 ut
2085 3682 2138 3731 in
2162 3683 2321 3732 occisi
2349 3682 2504 3733 Fabii

1430 3759 1598 3808 locum
1624 3759 1849 3814 missum,
1872 3765 1963 3808 aut
1983 3757 2252 3822 utriusque
2275 3759 2501 3808 consulis

1430 3836 1658 3899 legatum
1696 3836 1749 3884 in
1784 3849 1849 3884 eo
1882 3835 2021 3885 bello
2050 3834 2217 3883 multa
2250 3834 2502 3896 praeclsre

1431 3912 1654 3975 gessisse
1677 3925 1793 3961 cum
1817 3912 2009 3960 Vineto
2034 3909 2260 3959 credam.
2329 3909 2501 3958 Zona·

1430 4001 1514 4037 ras
1553 3988 1690 4037 enim
1728 3988 1992 4038 consulem
2031 3987 2250 4034 alterum
2293 3992 2501 4036 mortuo

1430 4063 1594 4114 Fabio
1613 4064 1925 4128 supplicium
1946 4062 2013 4111 de
2036 4061 2200 4110 servis
2225 4060 2500 4124 sumpsisse

1430 4149 1486 4189 et
1518 4139 1732 4203 opidum
1765 4140 2016 4187 evertisse
2054 4137 2149 4197 ait,
2170 4149 2323 4200 quem
2355 4136 2371 4163 ‘
2394 4136 2497 4184 De-

1430 4214 1602 4267 cium'
1637 4214 1797 4266 fuisse
1819 4214 1979 4264 liceat
1995 4211 2260 4264 divinare„
2310 4211 2498 4263 Cicero
