3025 4934
525 393 664 461 560

526 554 628 606 tin.
667 554 901 616 Strateg.
933 564 975 604 1.
1014 557 1065 603 6.
1099 565 1184 601 ex.
1223 554 1307 602 21.
1356 549 1590 600 ‘Verum

529 632 690 682 etiam
713 644 778 679 ex
804 630 906 679 alio
925 629 1096 678 latere
1128 628 1369 678 Clodium
1391 628 1467 678 ita
1486 635 1592 677 ter·

529 704 671 757 ruit!
732 703 838 755 Sed
869 717 1040 769 neque
1071 704 1248 754 hostes
1268 703 1459 753 invasit
1480 705 1593 754 De·

530 783 664 842 eius,
683 793 850 845 neque
873 782 1032 831 ullum
1058 781 1292 844 paucitas
1312 781 1421 845 ejus
1445 780 1593 844 copi·

529 871 677 909 arum
721 863 972 906 terrorem
1019 856 1193 921 potuit
1224 854 1432 918 afferre,
1473 870 1593 906 cum

530 935 677 986 nullo
714 933 865 983 modo
902 933 1007 984 illis
1038 934 1289 984 militibus
1324 948 1422 998 par
1453 940 1596 984 esset

528 1011 867 1063 Samnitibus.
931 1010 1129 1061 Verum
1168 1011 1392 1061 maxima
1429 1016 1594 1076 geste

529 1088 608 1138 rei
636 1087 870 1149 gloriain
896 1101 960 1136 eo
979 1088 1234 1148 constitit,
1260 1087 1399 1152 quod
1418 1088 1594 1136 hostes

529 1165 807 1215 retinuerit
846 1170 901 1212 et
939 1163 1232 1226 inpedierit,
1267 1177 1334 1213 ne
1366 1163 1596 1215 consulis

530 1241 819 1292 exereitum
844 1240 1043 1304 insequi
1068 1246 1287 1305 possent
1319 1249 1480 1304 atque
1516 1239 1595 1288 in-

530 1318 782 1378 cludere3
816 1315 956 1381 quod
980 1316 1134 1366 latius
1156 1316 1486 1381 persequitur
1509 1315 1597 1364 Li·

530 1394 644 1444 vias
662 1408 764 1444 vu.
780 1398 861 1444 84.
893 1394 1070 1445 Quare
1091 1392 1318 1443 fortasse
1339 1406 1442 1442 non
1462 1392 1596 1441 male

530 1470 797 1535 legeretur
817 1470 973 1520 hostes
993 1469 1167 1529 tenuit,
1188 1470 1241 1519 id
1278 1476 1378 1532 est,
1418 1469 1433 1497 ‘
1452 1469 1598 1532 iupe-

530 1546 702 1604 divit:
726 1553 745 1577 ⁴
764 1545 1018 1609 retinnit,'
1044 1559 1110 1596 ne
1133 1546 1423 1596 Romanum
1447 1558 1598 1593 exer·

531 1623 697 1678 citum
729 1622 1055 1674 invaderent.
1111 1624 1309 1673 Lucan.
1349 1636 1437 1671 ιιι.
1484 1625 1601 1671 890.

532 1704 549 1731 ⁸
561 1698 756 1748 Tenuit
774 1696 1043 1762 flagrantis
1056 1697 1107 1747 iu
1123 1700 1296 1748 oninia
1312 1697 1434 1748 belli
1452 1697 1600 1747 Prae·

531 1775 746 1839 cipitem
786 1773 1030 1823 cursum.’
1098 1775 1168 1823 Et
1190 1787 1270 1824 vt.
1303 1777 1419 1823 201.
1439 1779 1455 1802 ‘
1479 1772 1601 1822 Stat

531 1866 637 1901 non
669 1849 870 1914 fragilis
891 1865 988 1914 pro
1008 1851 1216 1900 Caesare
1236 1863 1410 1898 murus
1440 1848 1598 1899 Pom-

466 1929 475 1936 “
531 1927 813 1990 peiumque
850 1924 1036 1976 tenet.’
1087 1925 1304 1975 Tacitus
1343 1924 1484 1975 Hist.
1517 1938 1600 1974 tv.

533 2004 649 2054 la·
672 2003 908 2066 Aliisque
943 2002 1111 2051 literis
1143 2001 1350 2051 Gallum
1382 2000 1604 2060 monuit,

532 2091 602 2129 ne
625 2085 835 2130 teneret
858 2078 1149 2129 abeuntes.’
1216 2079 1349 2130 Qun
1364 2092 1422 2142 se
1442 2077 1602 2127 lectio

532 2156 657 2206 mibi
679 2155 956 2205 admodum
991 2156 1201 2221 probat,
1223 2156 1455 2218 quamvis
1479 2155 1601 2219 reji-

532 2231 680 2281 ciant
715 2232 1054 2294 alii,‘terreret
1081 2241 1416 2295 reponentes.
1480 2231 1603 2280 Alia

533 2308 808 2358 Drakenb.
841 2307 908 2357 ad
936 2309 1032 2357 Sil.
1057 2321 1140 2357 xt-
1177 2312 1295 2357 45⁰.
1324 2316 1382 2358 et
1419 2305 1602 2358 Groev.

535 2384 605 2434 ad
629 2385 822 2436 Justin.
847 2397 928 2434 tx.
953 2386 1116 2449 l.§⁷.
1149 2385 1230 2434 De
1251 2383 1601 2435 similiharum

536 2476 723 2512 vocum
760 2460 1064 2511 confusione
1103 2459 1283 2511 confer
1307 2462 1603 2511 Commeat.

538 2538 606 2587 ad
627 2538 820 2590 Justin.
845 2550 967 2587 xiv.
988 2540 1039 2588 1.
1063 2539 1092 2603 ξ
1116 2541 1198 2587 18.
1220 2544 1276 2586 et
1295 2536 1503 2588 Duker.
1533 2534 1601 2585 ad

536 2617 678 2667 Flor.
714 2630 794 2665 tv.
823 2620 871 2666 2.
905 2619 935 2682 §
970 2620 1055 2666 42.
1138 2616 1281 2666 Hinc
1321 2621 1478 2666 tenere
1506 2612 1603 2679 ber

534 2691 800 2742 ‘morari'
834 2695 1082 2758 exposuit
1118 2695 1264 2744 Serv.
1299 2695 1363 2744 ad
1411 2696 1600 2759 virgil.

535 2766 656 2817 AEn.
686 2780 728 2832 ι.
766 2771 882 2818 674.
920 2784 1080 2834 quare
1118 2769 1172 2819 in
1207 2771 1358 2819 simili
1386 2771 1602 2822 historia

530 2841 796 2893 ‘moratus
818 2844 1049 2896 bostem’
1083 2845 1221 2897 dixit
1250 2848 1436 2897 Florus
1461 2860 1524 2897 11.
1552 2851 1602 2898 2.

537 2919 569 2982 §
591 2923 674 2969 18.
724 2921 892 2972 Teu-uit
912 2922 1115 2973 Boeud.
1131 2922 1309 2988 Arutz,

603 2997 632 3061 §
654 3001 689 3046 2
711 2997 913 3064 Somno]
937 3000 1058 3048 Non
1081 3000 1337 3050 debuerat
1360 2999 1460 3050 hoc
1482 3001 1603 3051 loeo

537 3074 966 3139 praepositionem
999 3092 1033 3127 a
1064 3076 1260 3127 addere
1287 3076 1465 3127 Haun.
1483 3091 1602 3128 cum

537 3151 722 3200 melius
761 3151 839 3201 ita
883 3153 1190 3217 simpliciter
1229 3153 1603 3204 constituatur.

538 3226 731 3277 Horat.
754 3229 866 3278 Sat.
892 3241 957 3278 ιι.
985 3234 1036 3279 8.
1057 3233 1170 3277 145.
1191 3235 1208 3259 ‘
1224 3229 1496 3279 Quondam
1529 3229 1603 3278 le-

538 3304 729 3367 thargo
749 3305 934 3368 grandi
954 3311 1037 3353 est
1056 3304 1384 3370 oppressus.)
1409 3307 1585 3356 Arntz.

604 3378 890 3441 Incolumis]
914 3379 1103 3431 Abfuit
1117 3381 1168 3430 in
1185 3381 1444 3438 Parisino,
1464 3380 1604 3445 quod

533 3451 556 3490 ’θ
572 3455 798 3507 evadere
813 3455 829 3479 '
850 3457 949 3506 hoc
979 3456 1055 3506 illi
1079 3455 1375 3519 significare
1399 3457 1601 3507 videre·

539 3537 644 3581 tur.
708 3531 856 3581 Nihil
874 3538 1051 3581 tamen
1075 3546 1340 3595 expungo.
1363 3532 1606 3583 schottus.

538 3607 798 3656 Incolumis
818 3606 1014 3656 omittit
1035 3607 1188 3656 etiam
1207 3607 1464 3658 Grammii
1485 3608 1605 3659 cod.

541 3682 737 3747 Neque
769 3689 942 3731 tamen
976 3684 1253 3747 quidquam
1286 3684 1373 3735 hie
1406 3699 1607 3750 expun-

541 3760 786 3823 gendum.
856 3760 1155 3822 Frontinus,
1197 3775 1263 3810 ex
1312 3777 1420 3828 quo
1462 3778 1606 3825 saepe

540 3835 745 3886 auctori
768 3838 1049 3888 nostrolux
1066 3839 1273 3889 accedit
1295 3853 1337 3889 ι.
1356 3846 1404 3889 5.
1421 3856 1507 3891 ex.
1524 3846 1605 3891 14.

543 3918 618 3976 et,
640 3911 730 3962 ubi
749 3913 928 3963 eadem
960 3913 1284 3978 referuntur,
1303 3918 1440 3981 quod
1464 3918 1604 3982 apud

543 4003 662 4038 eum
695 3989 1001 4054 scriptorem
1032 4004 1137 4040 nou
1166 3998 1250 4041 est
1283 3991 1606 4058 infrequens,

540 4077 625 4115 lv.
654 4072 704 4115 6.
727 4081 812 4119 ex.
831 4070 883 4116 9.
912 4067 1143 4118 ‘Decius
1182 4068 1454 4119 incolumis
1487 4082 1605 4120 cum

542 4142 791 4193 militibus
803 4144 1003 4194 consuli
1018 4143 1276 4194 accessit!
1327 4146 1444 4194 Liv.
1473 4146 1607 4196 hane

541 4219 808 4271 historiam
845 4219 1077 4271 referens
1101 4233 1206 4270 vu.
1240 4225 1324 4272 86.
1354 4223 1371 4251 ⁴
1389 4224 1609 4273 Tessera

544 4297 690 4364 data,
709 4297 992 4350 incolumes
1023 4298 1238 4364 reverti,
1259 4298 1350 4364 qui
1378 4312 1476 4351 sua
1496 4314 1608 4351 cor·

1222 399 1442 460 ποτε
1494 404 1897 457 murorum
1947 369 2034 457 ιιι

1663 564 1794 615 pora
1813 564 1912 614 pro
1932 550 2103 600 salute
2139 549 2365 602 omnium
2391 549 2533 600 *baud
2564 549 2729 601 dubio

1665 627 1904 691 periculo
1946 625 2304 690 objecissent)
2389 627 2545 677 Licet
2589 629 2729 678 enim

1665 702 1880 753 verbum
1912 705 1929 732 ⁸
1945 701 2203 754 evadere!
2243 701 2293 751 vi
2331 701 2729 766 significationis

1667 780 1902 829 includat
1927 780 2096 830 salvos
2119 794 2235 829 esse
2267 793 2523 839 reversos,
2553 787 2730 830 tame·

1665 856 1803 906 baud
1823 869 1942 905 raro
1961 855 2211 905 incalescitis
2227 855 2437 905 additur
2459 856 2522 905 iis
2539 856 2732 912 verbis,

1667 947 1786 998 qun
1810 947 1907 996 per
1922 946 1978 982 se
1995 934 2213 982 salutem
2236 932 2361 986 satis
2384 941 2440 982 et
2459 933 2733 981 incolumi,

1669 1014 1833 1059 tatem
1856 1007 2109 1060 indicant.
2141 1007 2319 1056 Livius
2341 1007 2379 1055 l.
2400 1020 2626 1056 xxxi-e.
2651 1012 2733 1058 87.

1669 1085 1685 1111 ⁸
1706 1085 1769 1133 Iu
1792 1090 1967 1134 castra
1996 1086 2222 1140 tandein,
2254 1084 2369 1147 jam
2402 1083 2733 1146 desperanti-

1669 1161 1765 1212 bus
1803 1161 2064 1226 plerisque
2088 1162 2397 1211 ineolumem
2436 1175 2732 1223 evasurum,

1670 1237 1949 1301 pervenit?
1998 1238 2170 1288 Caesar
2192 1239 2327 1288 Bell.
2350 1238 2491 1287 Gall.
2511 1250 2601 1288 ιιι.
2624 1243 2675 1288 6.
2702 1239 2731 1301 ξ

1671 1322 1720 1365 5.
1753 1317 1768 1345 ‘
1791 1317 2110 1383 ineolumem
2136 1318 2393 1379 legionem
2417 1318 2469 1366 in
2493 1318 2546 1366 N
2552 1325 2734 1367 amna·

1671 1400 1751 1442 tes
1773 1392 2056 1456 perduxit?
2100 1393 2238 1444 Bell.
2272 1393 2412 1443 Gan.
2435 1406 2510 1443 vr.
2534 1396 2620 1442 40.
2637 1395 2665 1457 ᾖ
2685 1398 2735 1442 4.

1672 1468 2109 1533 ‘Incolumesque
2153 1468 2219 1520 ad
2262 1484 2419 1518 unum
2464 1471 2517 1518 in
2557 1477 2735 1519 castra

1671 1537 2024 1610 pery‘enerant
2040 1545 2252 1595 omues?
2285 1559 2387 1596 vu.
2404 1547 2589 1608 28.§6.
2612 1552 2629 1575 ‘
2646 1545 2733 1594 In⁶

1671 1624 1897 1673 eolumes
1934 1622 2000 1673 ad
2038 1623 2518 1686 Vercingetorigem
2549 1634 2734 1684 perve-

1671 1697 1902 1750 nerunt.’
1949 1697 2105 1749 Adde
2140 1712 2242 1749 vu.
2274 1701 2475 1763 69.§4.
2501 1705 2558 1747 et
2596 1698 2735 1748 Bell.

1675 1776 1789 1826 Civ-
1809 1789 1898 1826 ιιι.
1921 1778 2004 1826 28.
2022 1778 2050 1840 §
2069 1780 2119 1825 6.
2162 1775 2250 1825 Ita
2275 1777 2593 1825 ‘incolumes
2618 1789 2736 1839 per·

1672 1850 1825 1901 duxit
1840 1851 1856 1873 ⁹
1877 1852 2015 1915 aptid
2037 1852 2276 1902 Frontin.
2291 1852 2458 1902 Strat.
2483 1866 2522 1901 ι.
2547 1855 2630 1901 16.
2652 1864 2739 1900 ex.

1675 1932 1755 1980 17.
1776 1929 1792 1956 ‘
1811 1929 1982 1978 Millia
2005 1928 2307 1979 Graecornm
2343 1928 2623 1979 incolumia
2656 1943 2737 1978 re·

1673 2020 1826 2055 versa
1848 2013 1968 2055 sunt
1984 2004 2000 2027 ’
2020 2006 2155 2068 apud
2178 2006 2333 2055 eund.
2352 2019 2431 2056 tv.
2448 2010 2497 2055 2.
2512 2020 2598 2056 ex.
2618 2010 2666 2055 8.
2684 2010 2740 2055 et

1671 2081 1997 2132 ‘incolumes
2034 2082 2316 2132 Canusium
2355 2080 2740 2146 pervenerunt’

1676 2171 1761 2207 xv.
1784 2161 1834 2207 7.
1855 2173 1940 2207 ex.
1962 2161 2010 2207 7.
2032 2156 2210 2209 Arntz.

1730 2234 1804 2296 §8
1825 2233 1993 2283 Civica
2005 2234 2199 2298 corona]
2222 2232 2519 2287 Quoelineis
2536 2232 2741 2284 inclusa

1676 2317 1795 2358 suut
1816 2310 2003 2359 absunt
2025 2311 2077 2360 iu
2101 2312 2229 2360 Mss.
2256 2317 2313 2360 et
2337 2324 2462 2359 vero
2485 2310 2740 2374 glossema

1676 2392 1918 2448 apparet.
1989 2385 2257 2435 Parisinus
2288 2393 2459 2434 tamen
2493 2399 2558 2433 ea
2581 2385 2736 2433 habe-

1676 2460 1768 2511 bat
1790 2460 2119 2526 addebatque
2154 2462 2435 2511 obsidionali
2453 2461 2635 2511 scium
2655 2475 2743 2512 uu*

1673 2552 1773 2587 rea.
1837 2537 1941 2586 Sed
1965 2552 2049 2588 res
2074 2538 2231 2602 digna
2254 2552 2354 2587 nou
2376 2544 2478 2599 est,
2499 2537 2568 2587 ob
2587 2547 2739 2601 quam

1674 2614 2340 2687 vadimoniumldeseratur.
2381 2615 2461 2664 De
2485 2617 2501 2641 ‘
2520 2612 2742 2664 corona’

1676 2701 1848 2742 autem
1872 2695 1889 2722 ‘
1907 2692 2073 2741 civica
2088 2691 2104 2714 ²
2138 2691 2390 2741 videndus
2427 2690 2663 2753 Agellius
2685 2704 2740 2742 v.

1674 2772 1726 2817 6.
1759 2767 1963 2817 Plinius
1987 2780 2107 2818 xvt.
2130 2772 2178 2818 4.
2209 2768 2420 2817 Sueten.
2439 2768 2490 2815 in
2516 2767 2740 2831 August.

1676 2860 1725 2894 e.
1747 2849 1829 2894 2⁵.
1882 2845 2095 2895 Tacitus
2117 2843 2304 2894 Annal.
2326 2843 2452 2893 libb.
2474 2856 2538 2891 ιι.
2562 2852 2618 2892 et
2635 2855 2743 2893 xn-

1676 2922 1896 2971 civicam
1936 2921 2160 2971 ‘servati
2183 2921 2310 2970 civis
2345 2917 2537 2969 decus’
2570 2926 2743 2969 vocat.

1678 2997 1862 3047 Scitote.
1930 2995 2089 3046 Haud
2112 2998 2305 3046 invitus
2333 2997 2643 3046 accesserim
2667 2997 2743 3045 cis

1675 3072 2013 3132 membranis,
2042 3071 2232 3136 quibus
2263 3078 2460 3122 tautum
2492 3073 2646 3121 adest
2667 3071 2743 3120 01»

1677 3149 1763 3198 hoc
1801 3147 1862 3197 ab
1900 3149 2111 3197 exercitu
2152 3148 2302 3197 civica
2339 3163 2511 3198 corona
2541 3151 2743 3198 donatus

1676 3231 1766 3276 est.
1832 3224 1968 3275 Nam
2006 3233 2188 3276 cetera
2223 3224 2463 3288 profecto
2484 3228 2744 3294 resipiant

1676 3309 1922 3351 nauteam
1938 3301 2266 3351 librariorum
2280 3317 2299 3363 ς
2312 3309 2367 3351 et
2382 3303 2609 3365 alioquin
2625 3310 2745 3365 post

1677 3393 1920 3428 eoronam
1945 3380 2162 3429 civicam
2193 3379 2429 3442 accipere
2452 3378 2744 3429 obsidiona-

1677 3455 1800 3519 lem,
1847 3455 1973 3505 ordo
2010 3455 2172 3506 fuerit
2205 3463 2593 3520 praeposterum
2627 3470 2744 3527 eum

1678 3533 1850 3581 civica
1868 3547 2172 3582 coronarum
2204 3532 2433 3583 omniurn
2463 3532 2531 3580 sit
2561 3532 2744 3580 hones·

1678 3607 1893 3672 tissima,
1916 3616 2204 3671 agnoscunt
2233 3614 2404 3657 tamen
2436 3607 2567 3656 Mss.
2591 3607 2744 3655 Paia-

1679 3685 1797 3734 tiui.
1854 3685 2051 3735 Omnes
2089 3685 2296 3748 quidem
2323 3684 2449 3733 edd.
2470 3697 2597 3748 quas
2621 3684 2747 3739 vidi,

1680 3773 1736 3815 et
1775 3776 1997 3831 quatuor
2041 3766 2173 3814 Mss.
2221 3765 2480 3827 integram
2528 3768 2747 3813 servant

1677 3844 1984 3893 orationem.
2049 3844 2198 3892 Solus
2238 3842 2386 3891 Leid.
2413 3845 2463 3889 2.
2489 3848 2545 3889 et
2570 3840 2748 3890 Haun.

1680 3919 1858 3969 delent
1898 3919 2168 3982 sequentia
2205 3934 2315 3981 quae
2341 3918 2549 3967 dabatur
2572 3918 2639 3979 ei,
2662 3918 2747 3980 qai

1677 3996 1804 4044 cives
1821 3994 1874 4043 in
1897 3994 2012 4044 bello
2034 4000 2287 4056 servasset,
2308 3993 2604 4042 obsidionali.
2648 3994 2744 4042 Er·

1680 4070 1789 4120 rori
1822 4084 2058 4119 caussam
2092 4069 2240 4119 dedit
2270 4070 2456 4119 vocula
2481 4083 2604 4134 qua,
2626 4082 2745 4117 cum

1679 4146 2103 4211 neglectopriori
2115 4161 2237 4209 que,
2256 4146 2309 4196 in
2327 4152 2630 4210 sequentem
2656 4159 2745 4208 pa·

1681 4223 1992 4287 ragrapbum
2028 4224 2206 4273 oculos
2238 4223 2564 4287 conjicerent
2592 4222 2744 4270 libra·

1683 4300 1770 4366 rii,
1792 4314 1895 4365 quo
1914 4312 2092 4350 errore
2114 4299 2181 4350 ab
2205 4299 2307 4352 illis
2324 4303 2575 4364 peccatur
2590 4309 2745 4362 quam
