3025 4934
653 768 1503 864 RECENSUS
1609 768 2578 862 EDITIONUM

879 961 1205 1038 SEXTl
1262 960 1742 1039 AURELIl
1793 961 2343 1052 VICTORIS,

1165 1151 1524 1207 AUCTIOR
1558 1151 2076 1220 FABRICIANO,

1102 1312 1191 1362 ΕΤ
1224 1311 1304 1362 ΙΝ
1336 1313 1433 1365 lv.
1469 1311 1757 1363 AETATEs
1790 1310 2146 1361 DIGFSTUS.

1234 1489 1351 1553 [Ex
1384 1488 1497 1538 Ει).
1532 1488 1805 1540 ΒιΡοΝΤ.
1842 1491 2012 1553 nea]

1418 1664 1673 1726 AETAS
1719 1666 1777 1727 I.

596 1774 662 1835 S.
691 1775 883 1836 ΑΗΒ.
911 1772 1268 1834 Vlc‘roms
1312 1770 1554 1831 libellus
1587 1769 1664 1831 de
1706 1770 1877 1832 Viris
1906 1772 2269 1846 Illustribu8‚
2310 1778 2507 1857 prima
2550 1786 2722 1838 aetate

511 1871 609 1932 vel
637 1871 846 1932 Plinio
863 1872 1089 1952 juniori
1113 1869 1212 1932 vel
1249 1868 1537 1930 Suetonio
1564 1868 1664 1929 vel
1702 1868 1985 1931 Cornelio
2013 1870 2247 1956 Nepoti
2272 1875 2583 1954 ascriptus,
2606 1876 2721 1936 his·

514 1990 632 2049 que
657 1969 996 2030 auctoribus
1024 1967 1149 2027 fere
1177 1967 1530 2046 conjunctus
1555 1974 1666 2038 est,
1693 1968 1746 2027 si
1771 1968 2021 2048 primam
2048 1970 2355 2051 exceperis
2382 1978 2564 2034 1471.
2595 1993 2727 2033 cum

510 2064 679 2127 Rufo
705 2066 950 2127 editam.
1035 2063 1157 2124 Sed
1193 2064 1272 2124 ab
1301 2062 1553 2122 Andrea
1592 2062 1831 2123 demum
1875 2063 2127 2126 Schotto
2154 2067 2459 2128 restitutus
2485 2067 2723 2132 Victori

505 2167 690 2226 1577.
775 2162 853 2222 Ιιι
880 2161 1052 2222 illum
1076 2160 1296 2242 primus
1321 2159 1778 2220 commentarius
1805 2158 2112 2222 Dominici
2141 2161 2464 2224 Maccanei
2504 2164 2726 2245 prodiit

506 2257 757 2319 Taurini
793 2260 904 2319 sub
944 2258 1124 2318 finem
1166 2276 1303 2317 saec.
1340 2272 1458 2318 xv.
1498 2258 1788 2337 repetitus
1840 2257 2005 2338 Lips.
2048 2265 2232 2322 1507.
2283 2270 2346 2321 et
2398 2260 2720 2341 Argentor.

506 2362 689 2415 1513.
718 2366 782 2417 et
808 2363 992 2419 1517.
1021 2376 1093 2416 ac
1129 2353 1269 2414 dein
1314 2352 1466 2415 alter
1509 2353 1682 2416 Phil.
1710 2353 2039 2415 Poncherii
2064 2355 2270 2417 Paris.
2296 2364 2482 2421 1545.
2569 2358 2721 2420 Vic-

505 2455 649 2514 toris
674 2453 826 2514 liber
859 2454 935 2513 de
976 2451 1313 2513 Caesaribus
1346 2451 1461 2512 hac
1507 2460 1688 2512 aetate
1713 2451 1908 2513 lucem
1934 2452 2192 2514 nondum
2220 2455 2395 2530 vidit,
2439 2457 2666 2538 quippe
2686 2478 2722 2517 a

506 2550 757 2611 Schotto
781 2551 1032 2632 primum
1057 2548 1253 2609 editus
1277 2568 1335 2609 a.
1359 2555 1544 2611 1579.
1628 2547 1754 2608 Sed
1782 2568 1918 2629 quae
1943 2569 2020 2609 ex
2066 2550 2173 2611 illo
2216 2561 2280 2612 et
2326 2551 2568 2613 aliunde
2613 2575 2719 2615 ex-

502 2658 709 2729 cerpta
733 2648 1048 2719 habentur,
1075 2666 1123 2707 s.
1148 2645 1223 2706 de
1258 2645 1415 2707 Vita
1460 2655 1524 2706 et
1563 2646 1840 2706 Moribus
1885 2646 2089 2729 Impp.
2131 2648 2438 2730 Epitomae
2475 2670 2515 2710 a
2556 2648 2718 2713 caes.

503 2744 563 2804 A
578 2754 782 2823 agusto
809 2745 887 2804 ad
912 2743 1311 2804 Theodosium
1331 2762 1543 2824 usque,
1572 2763 1646 2804 ac
1662 2745 1966 2822 jun‘iorem
1992 2754 2293 2806 auctorem
2318 2747 2566 2820 habent,
2595 2747 2717 2808 Ar-

502 2843 795 2922 gentorati
821 2862 916 2901 an.
942 2848 1124 2902 1505.
1155 2840 1403 2921 primam
1430 2839 1633 2901 videre
1677 2839 1895 2912 lucem,
1943 2850 2007 2902 et
2053 2843 2129 2902 ab
2164 2842 2226 2904 J.
2259 2843 2339 2905 B.
2369 2843 2636 2922 Egnatio
2661 2846 2718 2904 in

506 2939 676 3001 Hist.
705 2939 888 2999 Rom.
920 2938 1163 3019 Scriptt.
1198 2937 1442 3008 Aldinis
1484 2944 1672 2999 1516.
1701 2946 1764 2998 et
1801 2944 1985 2999 1521.
2013 2940 2338 3019 recognita,
2366 2949 2430 3000 et
2468 2941 2530 3000 in
2570 2940 2717 3001 Fro-

500 3038 756 3099 beniana
784 3037 1031 3117 Scriptt.
1076 3035 1248 3097 Hist.
1279 3034 1464 3097 Rom.
1511 3041 1694 3097 1582.
1723 3025 2155 3108 emendatiora,
2197 3038 2277 3097 ab
2315 3036 2459 3099 Elia
2485 3036 2713 3099 Vineto

454 3167 459 3174 -
500 3141 680 3197 1564.
710 3136 970 3196 curatius
994 3134 1304 3194 recensita.

579 3254 626 3291 S.
656 3253 714 3293 a.
743 3239 804 3293 4.
851 3230 1070 3291 Sextus
1094 3229 1381 3291 Aurelius
1409 3228 1628 3290 Victor
1654 3230 1730 3291 de
1764 3230 1934 3291 Viris
1975 3228 2341 3301 Illustribu3‚
2365 3239 2446 3290 et
2495 3228 2718 3292 Sextus

500 3328 744 3389 Ruffus.
828 3327 906 3387 In
933 3327 1052 3387 fine
1078 3325 1270 3387 Rufi.
1317 3326 1535 3387 ‘Sexti
1572 3325 1778 3387 Ruffi.
1823 3327 1963 3388 Viri
2005 3327 2328 3388 consularis
2372 3326 2718 3417 Valentini-

499 3446 613 3485 ano
634 3426 915 3503 Augusto
941 3423 1017 3482 de
1040 3422 1318 3485 historia.
1362 3422 1508 3483 Ro.
1549 3422 1794 3484 libellus
1818 3423 1985 3484 finit:
2018 3424 2230 3485 Sixtus
2251 3419 2666 3504 Ruesingerss
2638 3461 2719 3471 —-

501 3522 707 3582 Editio
727 3521 944 3581 omissa
972 3519 1306 3580 Maittario.
1393 3517 1577 3580 Circa
1607 3539 1829 3580 annum
1859 3528 2038 3584 1471.
2070 3519 2388 3602 Neapoli‘
2370 3542 2712 3603 impressam

495 3619 647 3679 dicit
664 3617 1115 3696 Hambergerus
1139 3617 1184 3676 l.
1203 3615 1245 3677 l.
1276 3636 1417 3697 pag.
1445 3623 1590 3682 771.

575 3721 740 3778 1474
781 3713 1124 3784 Florentiae,
1172 3720 1232 3775 8.
1278 3713 1454 3774 Sexti
1506 3714 1665 3777 Aur.
1713 3713 1983 3775 Victoris
2037 3715 2177 3793 (sub
2230 3715 2468 3774 nomine
2524 3714 2715 3775 Plinii

494 3811 786 3888 Secundi)
815 3810 997 3871 Liber
1024 3809 1355 3871 Illustrium
1384 3810 1689 3871 Virorum.
1775 3810 2041 3872 Florent.
2070 3832 2166 3893 ap.
2203 3811 2271 3872 S.
2303 3811 2600 3871 Jacobum
2639 3811 2714 3871 de

494 3909 709 3991 Ripoli
735 3929 832 3969 an.
865 3914 1042 3973 1474.
1127 3906 1322 3968 Extat
1347 3907 1408 3967 in
1454 3906 1622 3968 Bibl.
1663 3907 2119 3986 Francofurtani
2149 3907 2424 3988 Capituli
2454 3907 2524 3969 S.
2557 3907 2712 3970 Bar·

490 4005 818 4076 tholomaei,
864 3998 1015 4065 teste
1045 4003 1258 4064 illustri
1305 4004 1477 4065 Phil.
1510 4006 1704 4068 Wilh.
1735 4005 2020 4067 Gercken
2064 4006 2125 4065 in
2153 4004 2448 4064 Itinerum
2472 4025 2710 4064 suorum

495 4103 615 4165 vol.
639 4120 736 4164 lv.
767 4112 830 4162 et
846 4103 960 4162 ult.
989 4100 1347 4168 Wormatiae
1374 4109 1557 4166 1788.
1582 4102 1768 4176 edito,
1796 4124 1857 4184 p.
1883 4110 2025 4164 188.
2057 4124 2115 4162 ιι.
2139 4108 2237 4161 13.

571 4207 730 4262 1476
772 4196 1196 4278 Neapoli,fol.
1228 4197 1400 4258 Sext.
1433 4199 1593 4262 Aur.
1627 4198 1842 4260 Victor
1868 4198 1943 4260 de
1982 4198 2147 4260 Viris
2175 4195 2545 4269 IllustribuS‚
2572 4218 2704 4258 cum

493 4297 692 4358 Plinii
714 4294 1018 4376 Epistolis.
1106 4294 1185 4356 In
1207 4292 1349 4369 fine,
1392 4306 1409 4332 ‘
1436 4295 1732 4379 Neapoli,
1776 4295 2089 4359 millesimo
2124 4294 2702 4376 quadringentesimo
