3025 4934
575 377 1093 427 AUREL.v1c'r.

317 523 543 584 deceptu
558 534 736 571 omnes
751 520 876 570 edd.
892 526 948 571 et
963 522 1117 573 codd.
1137 521 1236 573 nisi
1252 521 1392 589 quod

320 604 544 661 receptus
561 597 719 647 Fran.
744 603 800 646 et
815 598 969 648 Leid.
993 603 1041 647 2.
1102 601 1290 650 Posset
1313 615 1392 650 re-

321 675 483 725 tineri
506 688 586 737 spe
614 676 852 736 deceptas,
878 676 1118 739 quoniam
1143 687 1390 740 sperave-

321 761 405 801 rat
455 752 513 800 in
568 766 765 799 summa
806 750 1067 814 dignitate
1110 768 1165 803 se
1209 755 1389 804 Romae

319 826 607 891 tranquille
648 840 801 890 posse
838 835 1046 877 aetatem
1086 831 1394 893 transigere,

320 904 460 968 quod
514 904 671 952 aliter
724 904 936 961 accidit,
986 919 1099 954 cum
1154 908 1236 955 vel
1291 907 1391 970 ipsi

318 979 475 1043 pueri
524 981 574 1030 ei
613 980 925 1043 illuderent,
967 990 1029 1031 ut
1074 990 1250 1032 notum
1295 990 1391 1034 est.

319 1054 502 1104 Amuz.

329 1161 334 1168 -
382 1130 641 1194 Puteolos]
697 1131 955 1182 Strabone
1001 1139 1300 1183 autumante
1337 1134 1390 1184 in

321 1206 615 1272 Campania
639 1209 850 1272 opidum
883 1224 913 1258 a
942 1209 959 1237 ⁸
983 1209 1201 1271 putore’
1234 1225 1389 1275 aqua-

319 1296 437 1333 rum
461 1283 806 1334 sulfurearum
830 1284 1039 1335 dictum.
1078 1287 1242 1336 Maeli.

385 1358 719 1421 Phthia-ineis]
784 1355 1114 1410 Pedicularis
1180 1362 1390 1413 morbus

318 1434 563 1494 dicitnr3
613 1447 730 1486 nam
782 1435 938 1500 φθεὶρ,
980 1436 1078 1500 pos,
1125 1439 1390 1501 pediculum

316 1511 546 1574 indicat,
567 1511 660 1562 &ab
692 1514 781 1562 τοῦ
816 1515 982 1576 «poium,
1013 1516 1215 1565 tabesco.
1284 1517 1390 1567 Pli-

315 1590 440 1639 nius
481 1590 535 1638 in
574 1592 827 1654 septimo:
857 1591 1031 1656 nge,
1075 1608 1174 1641 non
1216 1594 1390 1643 exitus

315 1665 446 1715 vitoe
472 1666 588 1729 ejus
623 1669 848 1716 omnium
873 1670 1281 1733 proscriptorum
1322 1669 1390 1720 ab

316 1742 411 1793 illo
450 1744 753 1794 calamitate
797 1746 1060 1795 crudelior
1102 1745 1222 1811 fuit,
1274 1761 1388 1796 ero-

318 1818 485 1868 dente
519 1834 577 1869 ae
610 1820 723 1881 ipso
767 1835 1009 1883 corpore,
1043 1830 1101 1871 et
1133 1823 1389 1886 supplicia

314 1895 413 1943 sibi
434 1896 683 1960 gignente
699 1896 735 1945 ξ’
759 1898 924 1948 Maon.
984 1900 1000 1926 ‘
1019 1899 1191 1948 Animi
1216 1899 1392 1948 conci-

317 1972 524 2034 tatione
549 1972 722 2029 nimia,
744 1980 907 2037 atque
937 1974 1275 2023 immoderato
1300 1988 1388 2024 vo·

319 2047 399 2095 cis
425 2047 649 2110 impetn,
682 2050 932 2100 convulso
955 2056 1191 2112 pectore,
1216 2050 1390 2114 ,3ρίτὶ-

317 2128 435 2171 tum
450 2137 636 2171 cruore
652 2138 713 2172 ac
729 2124 879 2173 minis
896 2125 1103 2175 mistum
1119 2123 1388 2188 evomuit,’

315 2199 495 2264 inquit
535 2201 655 2251 Val.
691 2202 848 2251 Max.
870 2215 949 2252 ιι.
981 2206 1033 2251 8.
1089 2202 1386 2252 Pediculari

320 2287 500 2332 autem
546 2278 728 2327 morbo
765 2287 962 2342 praeter
1005 2279 1202 2329 Sullam
1251 2280 1388 2342 pari-

321 2360 507 2417 eruat,
540 2355 762 2403 Acastus
791 2355 955 2404 Peliae
990 2355 1142 2415 filius,
1169 2354 1389 2405 Alcman

323 2430 514 2494 poeta,
539 2429 871 2495 Pherecydes
907 2431 1093 2494 Syrus,
1115 2431 1386 2480 Callisthe-

323 2520 419 2555 nes
443 2505 728 2571 Olynthius
762 2508 815 2555 in
838 2521 1071 2568 carcere,
1093 2515 1149 2555 et
1180 2508 1387 2557 Mucius

311 2583 753 2647 jurisconsultus.
819 2585 998 2633 Eunus
1032 2597 1238 2648 quoque
1282 2598 1390 2633 aer·

320 2673 438 2719 vus,
458 2660 547 2723 qui
573 2660 767 2723 primus
790 2661 840 2709 in
874 2660 1051 2709 Sicilia
1082 2659 1273 2708 bellum
1296 2674 1388 2707 ex-

320 2738 529 2788 citavit.
578 2738 892 2787 Plutarchus
910 2739 961 2787 in
987 2738 1127 2786 Sulla
1149 2747 1394 2787 extremo

321 2822 381 2865 et
402 2814 678 2864 Helladius
713 2816 763 2863 in
797 2814 1215 2864 Chrestomathia
1249 2814 1388 2877 apud

324 2893 579 2941 Photium
635 2892 687 2939 in
731 2890 1063 2940 Bibliotheca
1115 2905 1232 2952 pag.
1272 2894 1388 2938 870.

321 2969 478 3018 Adde
518 2976 575 3017 et
609 2968 887 3032 septimum
917 2968 1185 3018 Herodem
1207 2967 1388 3018 Judae·

325 3058 432 3094 um.
466 3044 654 3093 Schott.

396 3122 538 3171 cu.
563 3134 765 3170 Lxxvt.
796 3121 824 3183 §
848 3125 874 3170 1
912 3120 1251 3184 Mithridates]
1277 3121 1389 3170 Rex

321 3195 482 3245 Ponti
508 3196 696 3245 Euxini
724 3196 921 3259 panim,
944 3197 1067 3247 iude
1090 3197 1300 3258 Euxini,
1335 3196 1386 3246 id

322 3284 423 3339 est,
456 3278 775 3339 ‘hospitales
832 3276 1000 3326 dicti-²
1085 3278 1183 3326 Est
1215 3285 1390 3326 antem

320 3370 493 3418 prope
513 3354 785 3403 Maeotida.
854 3354 1007 3403 Circa
1045 3354 1181 3402 huuc
1216 3355 1388 3403 locum

261 3473 267 3479 .
321 3440 473 3481 eram
498 3432 674 3494 plures
694 3429 999 3493 provinciae,
1037 3437 1143 3479 tum
1176 3430 1239 3479 ad
1269 3428 1388 3480 Asi·

322 3524 426 3570 am,
449 3516 557 3557 tum
576 3508 639 3556 ad
670 3508 929 3570 Europam
954 3507 1251 3562 attinentes,
1277 3507 1388 3569 qui-

322 3585 423 3634 bus
451 3585 568 3645 ipse
586 3597 677 3631 rex
695 3582 1009 3645 imperabat.
1041 3582 1201 3631 Mach-
1242 3582 1388 3632 Libri

320 3658 532 3724 quidam
549 3658 733 3721 scripti
750 3657 936 3707 vitiose
952 3657 1278 3721 Mithrydate:
1297 3673 1392 3720 per

316 3753 351 3801 y
374 3736 636 3786 habebant
655 3752 671 3785 ε
708 3736 826 3799 lego
849 3736 1180 3785 Mithradates
1224 3737 1389 3798 prima

321 3812 490 3862 vocali
513 3812 565 3859 in
588 3810 814 3861 secunda
837 3812 1037 3872 syllaba
1076 3824 1144 3860 ex
1169 3811 1391 3860 nummis

322 3891 571 3956 antiquis,
614 3888 872 3954 quomodo
908 3888 1188 3951 inscriptos
1227 3888 1389 3951 pluri-

321 3981 433 4016 mos
472 3966 648 4014 videre
685 3966 811 4015 licet
847 3966 901 4014 in
945 3966 1115 4014 Fastis
1160 3963 1390 4013 Huberti

320 4044 502 4094 Goltz.
517 4041 794 4106 antiquarii
804 4040 1209 4104 diligentissimi.
1221 4040 1391 4090 Schot-

319 4125 419 4169 tus.
488 4116 642 4167 Adde
665 4117 886 4167 Simson.
906 4116 1149 4166 Chronic.
1174 4118 1239 4167 ad
1269 4131 1389 4168 aun.

323 4198 473 4245 3885.
503 4194 633 4243 Var.
664 4194 811 4243 Lect.
849 4192 916 4242 ad
940 4193 1194 4245 Quinctil.
1230 4194 1390 4244 Decl.

323 4288 448 4330 ἴω.
466 4277 518 4325 ,8.
543 4288 596 4338 p.
620 4276 736 4322 708.
756 4276 811 4322 e‘t
830 4286 945 4337 quae
964 4285 1119 4337 supra
1143 4273 1210 4324 ad
1232 4286 1281 4322 c.
1301 4275 1389 4323 70.

1129 375 1356 425 VIROS
1406 377 2277 431 ILLUSTR.GAP.1.XXV1.

2395 366 2528 434 679

1463 519 1861 585 disputavimus.
1893 522 2070 574 Arutz.

1531 598 1577 646 Δ
1600 602 1777 661 septem
1799 599 1991 663 Persis]
2041 601 2127 650 De
2161 600 2263 652 illis
2288 543 2528 652 Herodo-

1467 678 1550 724 tus
1573 675 1705 723 libro
1727 678 1905 738 tertio,
1928 684 1984 728 et
2003 677 2244 729 ,lustinus
2274 679 2440 742 primo
2458 680 2528 728 E-

1467 749 1770 811 pitomarum
1797 766 2002 801 suarum
2023 753 2172 816 plura
2196 753 2501 804 scribunt:
2488 754 2526 803 ιί

1464 825 1602 874 enim
1620 839 1798 888 magos
1823 826 2221 888 interfecerunt,
2242 832 2330 893 qni
2349 830 2527 879 dolose

1467 914 1562 963 pro
1595 901 1722 963 ipsis
1754 903 2061 967 regnabantz
2100 903 2290 954 deinde
2324 905 2529 954 hinnitu

1464 976 1586 1039 equi
1604 977 2019 1046 Darium-*regem
2044 981 2384 1030 constituere.
2412 982 2525 1032 Mu·

1463 1051 1605 1103 chan.
1672 1054 1758 1102 De
1791 1054 1867 1105 his
1901 1055 2149 1119 Polybius
2190 1057 2284 1107 lib.
2318 1070 2370 1105 v.
2433 1056 2531 1108 Jo-

1465 1129 1615 1193 seph.
1652 1128 1916 1195 Antiquit.
1954 1131 2164 1183 Judaic.
2204 1146 2287 1182 κε.
2335 1133 2553 1185 Strabo-

1465 1205 1676 1255 libcxv·
1698 1214 1932 1272 extremo
1955 1207 2324 1271 Geographioe.
2355 1208 2530 1258 Anum.

1467 1279 1706 1331 Marcell.
1729 1282 1820 1331 lib.
1845 1295 2020 1332 xxm.
2072 1285 2135 1334 L.
2163 1285 2346 1333 Florus
2369 1283 2529 1334 Arta·

1465 1354 1665 1419 basem,
1683 1359 1770 1420 qui
1810 1365 1932 1408 ante
1954 1360 2320 1410 Mithridatem
2348 1375 2533 1424 regna·

1464 1437 1563 1499 vit,
1587 1451 1617 1486 a
1641 1451 1747 1489 vn.
1783 1439 1962 1488 Persis
1986 1441 2260 1490 oriundum
2282 1439 2414 1489 facit
2435 1441 2530 1493 lib.

1466 1526 1555 1562 tn.
1590 1527 1710 1576 cap.
1730 1519 1780 1563 6.
1827 1513 2017 1563 Sckou.
2081 1516 2221 1565 Vide
2259 1517 2528 1567 Prideaux

1465 1590 1611 1650 Hist‹
1628 1589 1754 1641 Jud.
1777 1600 1914 1651 part.
1937 1606 2000 1641 ιι.
2023 1592 2114 1643 lib.
2129 1605 2181 1641 v.
2208 1608 2259 1656 p.
2274 1596 2390 1643 46⁰.
2407 1608 2530 1646 mox

1463 1668 1630 1728 magui
1650 1666 1803 1715 animi
1823 1668 1939 1717 cod.
1963 1667 2165 1717 Boend.
2198 1668 2289 1717 sed
2312 1668 2530 1732 vulgata

1464 1745 1648 1794 melius
1671 1744 1972 1794 defenditur
1994 1759 2063 1795 ex
2102 1746 2164 1795 iis
2200 1761 2315 1809 quae
2346 1748 2529 1797 attulit

1464 1820 1672 1871 Curtius
1695 1822 1759 1870 ad
1783 1821 1907 1872 Sall.
1930 1822 2086 1872 Catil.
2109 1837 2157 1872 c.
2177 1827 2230 1872 5.
2252 1827 2280 1888 ᾧ
2300 1828 2348 1874 1.
2384 1824 2532 1875 Cice·

1464 1910 1525 1945 ro
1547 1896 1615 1946 de
1644 1897 1798 1949 Orat.
1830 1909 1871 1948 ι.
1892 1903 1974 1948 38.
2006 1902 2022 1928 ‘
2041 1899 2215 1963 Prope
2258 1900 2529 1963 singularis

1464 1980 1520 2021 et
1543 1971 1719 2021 divina
1738 1973 1815 2023 vis
1840 1974 2037 2038 ingenii
2060 1973 2322 2025 videtur?
2354 1985 2411 2026 et
2431 1992 2529 2040 pro

1464 2050 1530 2100 C.
1556 2049 1736 2099 Rabir.
1755 2065 1803 2099 c.
1821 2055 1870 2102 7.
1904 2054 1922 2081 ‘
1939 2052 2009 2101 Et
2033 2051 2199 2101 animi·
2223 2053 2325 2101 vim
2359 2061 2417 2102 et
2451 2054 2545 2118 in·-

1462 2125 1762 2179 firmitatem
1785 2129 2020 2193 corporis
2043 2128 2535 2181 ostenderet.’Arn·-·

1463 2209 1592 2254 tzea.

1536 2282 1751 2331 Duarum
1771 2287 1820 2330 et
1842 2282 2022 2344 viginti
2040 2282 2281 2346 gentium]
2325 2282 2529 2332 Gellius

1460 2357 1595 2407 libro
1619 2357 1820 2407 decimo
1862 2360 2085 2422 septimo
2124 2360 2300 2422 capite
2322 2360 2531 2409 decimo

1462 2436 1717 2497 septimot
1750 2436 1767 2463 ‘
1787 2434 2130 2485 Mithridates
2153 2442 2328 2485 autem
2367 2436 2530 2485 Ponti

1464 2518 1624 2572 atque
1647 2509 1909 2573 Bithyniae
1952 2524 2046 2558 rex
2083 2511 2330 2574 inclytus.
2371 2512 2460 2576 qui
2495 2525 2529 2559 a

1463 2585 1627 2636 Cnaeo
1642 2586 1897 2648 Pompeio
1934 2586 2072 2636 bello
2112 2594 2389 2650 superatus
2423 2596 2528 2649 est,

1463 2659 1680 2710 duarum
1704 2668 1759 2710 et
1783 2661 1966 2725 viginti
1998 2663 2395 2728 gentium‚quas
2428 2665 2528 2712 sub

1462 2738 1660 2787 ditione
1685 2736 1944 2798 habebat,
1983 2738 2187 2800 linguas
2211 2740 2530 2802 percalluit,

1462 2828 1745 2877 earumque
1764 2813 1987 2861 omnium
2008 2815 2238 2876 gentium
2256 2815 2374 2862 viris
2389 2815 2527 2863 haud

1464 2903 1688 2953 unquam
1716 2902 1808 2952 per
1831 2889 2185 2952 interpretem
2199 2890 2528 2954 colloquutus

1464 2974 1577 3015 est:
1613 2965 1725 3028 sed,
1741 2972 1800 3014 ut
1823 2979 2078 3029 quemque
2101 2967 2166 3014 ab
2189 2981 2252 3015 eo
2270 2967 2535 3028 appellari«

1462 3055 1585 3090 usus
1610 3039 1727 3096 fuit,
1765 3039 1986 3103 proinde
2012 3041 2187 3103 lingua
2210 3047 2266 3088 et
2289 3042 2526 3091 oratione

1463 3118 1648 3181 ipsius,
1671 3131 1772 3166 non
1793 3130 1945 3166 secus
1986 3131 2048 3166 ac
2074 3117 2286 3179 gentilis
2309 3118 2419 3181 ejus
2443 3131 2527 3166 es-

1463 3202 1562 3251 set,
1584 3196 1829 3258 loquutus
1848 3192 1962 3242 est?
1984 3194 2151 3242 Maeli.
2193 3194 2324 3244 Mss.
2349 3208 2528 3244 omnes

1465 3279 1521 3319 et
1544 3270 1666 3320 libri
1692 3271 1873 3319 excusi
1900 3270 2099 3333 antiqui
2120 3269 2274 3318 aliter
2295 3270 2527 3333 quinquu-

1460 3349 1609 3411 gintu
1651 3349 1872 3411 gentium
1889 3364 1910 3405 ,-
1956 3361 2132 3396 verum
2177 3347 2529 3411 ὑπερβολικῶς

1464 3426 1668 3476 Plinius
1723 3424 2004 3475 avunculus
2043 3424 2310 3486 vulgatam
2342 3425 2528 3474 lectio·

1464 3515 1583 3551 nem
1621 3508 1816 3562 tuetur,
1862 3506 1920 3547 ut
1971 3498 2195 3549 veritati·
2220 3500 2539 3563 proximam,·

1465 3582 1654 3631 Natur.
1690 3579 2019 3629 Histonvu.
2040 3581 2123 3627 24.
2166 3584 2223 3628 et
2264 3591 2405 3628 xxV.
2439 3583 2524 3629 21.

1466 3655 1672 3706 Solinus
1696 3652 2038 3716 Polyhistori's
2073 3667 2121 3701 c.
2153 3656 2204 3702 7.
2241 3652 2412 3717 Agell.
2434 3654 2529 3703 lib.

1464 3745 1609 3783 xvir.
1645 3737 1699 3779 et
1746 3728 1986 3778 Valerius
2027 3740 2151 3777 vm.
2187 3732 2237 3777 7.
2282 3729 2529 3779 Senonas.

1462 3806 1666 3858 Schotti
1690 3805 1820 3854 Mas.
1836 3817 2014 3853 omnes
2035 3803 2386 3866 quinquaginta
2402 3819 2530 3865 gen..

1464 3885 1605 3935 tium.
1671 3882 1807 3932 Pall.
1861 3880 2244 3944 quinquagesimo
2290 3882 2528 3942 gentium.

1460 3961 1656 4011 Verum
1680 3972 1778 4021 pro
1796 3957 1965 4005 altera
1989 3962 2133 4005 stant
2154 3955 2324 4004 ceteri
2347 3965 2533 4006 aucto-

1465 4050 1567 4087 res.
1586 4034 1735 4083 (ἔνια.
1768 4032 1881 4094 Ego
1905 4030 2111 4080 omnino
2131 4036 2276 4094 puto.
2288 4029 2373 4079 hic
2398 4032 2533 4081 alioa

1464 4119 1706 4164 auctores
1722 4116 1958 4159 secutum
1974 4107 2134 4157 fuisse
2153 4110 2425 4165 Nostrum,
2439 4110 2531 4175 qui
2620 4163 2625 4166 ,

1464 4200 1525 4243 nt
1549 4192 1621 4239 rei
1647 4188 1933 4238 novitatem
1971 4196 2243 4249 augerent,
2290 4187 2525 4238 minimas

1466 4269 1627 4321 etiam
1645 4265 1903 4318 dialectos
1919 4263 2166 4315 videntur
2185 4270 2529 4331 computasse,
