3025 4934
515 374 650 441 612

515 551 632 587 enm
668 533 896 585 inductae
934 540 1058 584 suut
1099 535 1413 598 questiones
1454 549 1574 599 per-

514 621 710 678 petuas,
733 627 798 661 ex
820 620 1047 676 praetura
1070 612 1120 660 in
1146 613 1413 675 provincia
1435 613 1577 662 missi

511 697 633 739 sunt
683 690 901 739 Romani
960 688 1306 751 magistratus.
1388 687 1576 754 Neque

512 768 674 816 etiam
700 765 824 815 ferri
850 774 1024 823 potest
1056 766 1110 813 ia
1131 765 1320 814 Sieiliae
1340 769 1575 827 praetura,

512 843 650 907 quod
687 849 743 892 et
779 843 936 891 habet
973 841 1119 891 Leid.
1147 847 1195 890 l.
1233 848 1289 891 et
1323 840 1479 890 facile
1506 854 1575 890 ex

512 919 733 969 Gruteri
769 920 993 967 lectione
1038 916 1175 966 effici
1218 925 1414 981 potest,
1457 931 1572 967 cum

510 997 690 1046 Sicilia
723 1004 779 1046 et
817 996 1058 1046 Sardinia
1101 996 1284 1046 eodem
1334 1005 1572 1059 tempore

507 1072 663 1123 factae
693 1073 800 1122 sint
835 1073 1132 1137 provinciae,
1168 1087 1284 1135 quae
1315 1088 1347 1122 a
1382 1078 1571 1136 praeto-

507 1150 652 1200 ribus
674 1149 1006 1213 regebantur,
1039 1147 1126 1213 (ut
1163 1155 1313 1211 patet
1347 1163 1412 1197 ex
1447 1149 1573 1199 locis

505 1227 661 1276 ruodo
683 1225 942 1289 allegatis)
959 1226 1191 1289 adeoque
1208 1226 1444 1276 Sardinia
1467 1242 1571 1277 non

508 1303 681 1366 potuit
714 1303 879 1365 subigi
903 1317 935 1350 a
957 1312 1185 1366 praetore
1213 1303 1440 1372 Sicilia:
1475 1304 1571 1353 sed

505 1377 646 1442 quod
686 1391 784 1426 vox
821 1378 1007 1427 Siciliae
1045 1379 1348 1441 interposita
1380 1380 1469 1442 sit,
1503 1395 1572 1429 ex

504 1453 760 1517 superiori
797 1469 950 1504 versu
991 1454 1146 1504 duxit
1178 1455 1445 1519 originem,
1479 1471 1569 1505 cu·

495 1532 585 1594 jus
626 1533 972 1595 corruptionis
1011 1532 1235 1596 vestigia
1271 1538 1483 1582 exstant
1517 1535 1570 1581 in

504 1608 711 1660 Boend.
734 1610 787 1658 iu
809 1625 912 1675 quo
935 1616 1052 1659 erat
1069 1610 1133 1659 In
1154 1610 1435 1659 Sardiniam
1443 1624 1571 1674 proe-

502 1688 631 1735 tura.
701 1684 856 1735 Hunc
878 1691 1147 1735 corrector
1166 1700 1393 1736 errorem
1414 1687 1570 1736 intel·

501 1761 687 1824 ligeus,
739 1767 794 1811 et
837 1762 937 1810 alio
976 1776 1093 1810 eum
1134 1761 1262 1811 vitio
1301 1763 1570 1811 cumulans

503 1838 691 1888 Sicilie
724 1836 938 1900 fecerat,
976 1838 1113 1887 unde
1147 1844 1295 1902 patet
1328 1852 1396 1888 ex
1434 1853 1569 1902 prae·

500 1913 810 1964 cedentibus
850 1915 1128 1976 repetitam
1165 1929 1196 1963 a
1233 1913 1442 1964 librario
1486 1911 1567 1963 fu-

498 1989 624 2047 isse,
657 1991 744 2054 qui
766 1996 826 2039 et
847 1989 920 2039 ibi
943 1990 996 2038 iu
1016 1988 1234 2038 Siciliam
1267 1990 1568 2051 scripserat.

502 2066 656 2116 Leid.
679 2071 730 2117 2.
768 2066 926 2115 babet
953 2067 1176 2122 Qaaestor
1207 2064 1265 2113 S.
1284 2065 1338 2115 S.
1349 2066 1572 2124 fortissi-

502 2157 610 2191 suas
633 2143 760 2201 suit.
827 2144 890 2192 In
917 2147 1135 2206 pratum
1167 2142 1465 2198 Sardiniam,
1486 2146 1572 2206 asc.

505 2226 561 2267 et
599 2219 674 2268 ita
706 2219 878 2269 Hauu.
901 2220 997 2269 nisi
1022 2219 1162 2283 quod
1179 2220 1266 2268 ine
1277 2218 1383 2285 fuit
1415 2220 1570 2270 simul

501 2294 731 2342 omittat.
784 2294 919 2343 Haec
940 2295 1101 2343 lectio
1122 2296 1354 2357 quamvis
1377 2296 1571 2344 tersior

500 2372 590 2434 sit,
610 2379 684 2433 et,
708 2379 765 2421 ut
789 2371 909 2420 mihi
933 2370 1140 2435 quidem
1157 2372 1383 2427 videtur,
1405 2372 1570 2421 multo

502 2447 825 2512 elegantior3
846 2447 998 2513 (uam
1019 2462 1086 2496 ex
1108 2448 1424 2511 repetitione
1442 2463 1568 2512 proe-

501 2530 581 2573 tor
603 2534 656 2573 et
684 2529 899 2587 praetura
920 2523 1074 2573 facile
1099 2524 1284 2588 aliquis
1309 2523 1437 2574 duos
1461 2539 1567 2574 ma·

502 2601 754 2665 gistratus
777 2601 1028 2657 efficeret,
1051 2602 1378 2665 primumque
1402 2603 1467 2651 ad
1481 2602 1569 2666 ju·

501 2678 856 2728 risdictionem
898 2680 1125 2743 civilem,
1181 2679 1400 2729 alterum
1448 2694 1568 2742 pro·

497 2754 776 2805 vincialem
800 2756 1037 2819 referret,
1059 2771 1175 2806 cum
1193 2757 1378 2805 saltem
1404 2758 1566 2806 semel

501 2839 701 2895 praetor
722 2831 902 2895 fuerit,
931 2842 986 2882 et
1008 2833 1061 2881 in
1092 2848 1156 2882 ea
1179 2839 1406 2896 praetura
1427 2838 1569 2882 sorte

498 2908 787 2959 obtinuerit
809 2909 1097 2959 Sardiniam
1122 2906 1304 2971 θεῖος)
1326 2909 1467 2964 licet,
1492 2910 1567 2957 in·

501 3000 675 3051 quam,
711 2987 823 3036 baec
846 2987 1002 3036 lectio
1025 2986 1216 3035 tersior
1236 2985 1325 3045 sit,
1361 3000 1461 3033 uon
1489 2994 1566 3035 ta·

499 3078 619 3113 men
649 3064 798 3119 toltit,
826 3062 1204 3117 difficultatem,
1243 3076 1359 3125 quae
1400 3063 1568 3111 oritur

424 3131 432 3140 ”
499 3154 565 3188 ex
583 3154 713 3189 voce
733 3140 938 3202 subegit.
1007 3138 1249 3200 Obtinuit,
1265 3139 1464 3187 sortitus
1478 3144 1567 3196 est,

497 3216 634 3266 rexit
668 3218 710 3265 si
744 3217 1060 3280 scripsisset,
1102 3229 1227 3263 vere
1268 3215 1570 3277 scripsisset

497 3291 780 3342 Aurelius:
814 3292 905 3342 sed
942 3292 1058 3356 quis
1098 3292 1398 3354 boc‚dicet,
1446 3307 1565 3341 cum

498 3378 607 3420 tam
631 3373 846 3420 multum
871 3368 1118 3419 differant
1140 3369 1328 3418 ductus
1363 3371 1568 3419 littera-

498 3449 659 3498 rum?
742 3449 929 3512 Neque
972 3448 1161 3510 subegit
1205 3461 1299 3511 per
1351 3448 1368 3476 ‘
1392 3448 1565 3499 rexit’

499 3525 667 3574 audeo
711 3539 995 3588 exponere,
1038 3538 1154 3574 cum
1210 3524 1409 3574 Noster
1461 3537 1565 3576 non

499 3600 878 3664 philosophum,
928 3600 1023 3650 sed
1079 3600 1383 3650 historicum
1431 3605 1562 3665 agit,

501 3676 650 3740 cujus
675 3676 831 3727 verba
854 3678 1108 3741 capienda
1129 3685 1251 3727 sunt
1278 3679 1345 3728 de
1367 3679 1565 3728 domita

497 3755 733 3817 regione,
772 3769 871 3804 nou
912 3756 978 3804 de
1016 3755 1155 3804 vitiis
1200 3756 1355 3805 animi
1394 3763 1449 3805 et
1484 3756 1563 3804 in·

498 3831 676 3895 probis
701 3830 946 3892 moribus,
973 3830 1024 3879 in
1055 3830 1239 3893 quibus
1260 3830 1563 3881 coercendis

496 3907 809 3971 asperiorem
830 3908 1016 3957 eumin
1040 3908 1136 3956 hac
1155 3916 1380 3970 praetnra
1403 3905 1563 3956 fuisse

495 3990 650 4032 notat
673 3984 850 4032 Livius
880 3996 1073 4033 xxxu.
1103 3987 1185 4034 27.
1248 3984 1451 4043 Delegit
1472 3998 1561 4031 au-

498 4068 607 4109 tem
642 4060 873 4110 scribere
908 4075 1007 4109 non
1043 4060 1237 4123 potnit,
1268 4074 1384 4108 eum
1416 4065 1561 4108 sorte

499 4151 613 4186 eam
648 4137 926 4199 acceperit,
961 4144 1095 4185 teste
1126 4136 1274 4184 Livio
1303 4148 1489 4184 xxxn.
1513 4139 1563 4183 8.

500 4212 653 4264 Quod
698 4220 873 4261 autem
910 4226 1085 4261 vocem
1120 4211 1265 4261 hanc'
1286 4211 1560 4261 delendam

500 4297 711 4340 censeat
771 4290 1106 4354 elegantioris
1172 4304 1326 4339 sexus
1397 4290 1559 4338 decus

1209 389 1427 439 No'rAE
1474 388 1885 442 vammum
1934 392 2019 443 ΙΝ

1651 535 1814 601 [Vide
1860 538 1988 588 Not.
2035 537 2257 605 Delpb.]
2310 537 2572 590 adsentire
2621 552 2715 588 ue·

1653 626 1954 676 quem-non
1993 618 2129 665 enim
2163 619 2412 681 intelligo,
2454 618 2714 678 quomodo

1653 688 1870 739 Gallicis
1889 692 2097 741 auribus
2122 693 2240 743 talis
2257 693 2577 742 constructio
2602 694 2715 755 pla·

1652 780 1775 816 cere
1791 770 2039 831 potnerit,
2065 785 2177 834 quae
2188 777 2333 820 certe
2352 768 2489 831 apud
2500 769 2713 832 Belgas,

1651 843 1779 893 lieet
1822 846 2079 903 crassiori,
2125 846 2261 909 quod
2301 846 2401 893 illis
2447 844 2715 907 objicitur,

1651 919 1784 968 coelo
1806 920 2029 984 adsueti,
2061 921 2190 970 vitio
2223 928 2532 970 verteretur.
2595 921 2715 970 Du-

1650 996 1753 1044 rius
1774 994 1997 1047 fortasse
2021 998 2135 1062 quis
2155 998 2438 1057 existimet,
2460 999 2501 1045 si
2527 996 2713 1046 vitium

1647 1072 1747 1121 boc
1775 1071 2082 1135 ignorantias
2117 1087 2209 1122 seu
2245 1074 2460 1136 ineptiae
2485 1073 2718 1122 auctoris

1648 1150 1815 1199 nostri
1848 1150 2089 1206 tribuam,
2129 1152 2420 1214 praesertim
2445 1166 2561 1199 cum
2586 1149 2715 1199 illud

1647 1225 1973 1276 librariorum
2013 1229 2180 1289 culpae
2219 1229 2378 1277 etiam
2413 1226 2712 1277 adscribere

1648 1303 1892 1353 maluerit
1913 1302 2128 1368 Pighius
2146 1302 2285 1353 Anu.
2305 1311 2430 1353 tom.
2447 1316 2513 1353 ιι.
2530 1319 2583 1367 p.
2598 1307 2717 1353 251.

1652 1380 1827 1430 Quare
1860 1386 1916 1428 et
1950 1381 2300 1443 conjecturam
2329 1394 2494 1428 meam
2516 1379 2712 1429 adscri-

1648 1454 1793 1518 bere,
1818 1470 1970 1520 quam
1986 1456 2233 1520 periturae
2256 1457 2451 1505 chartae
2473 1470 2711 1519 parcere,

1651 1531 1814 1580 satius
1839 1532 1980 1580 duxi.
2043 1533 2371 1595 Reponerem
2406 1532 2580 1595 itaque
2611 1547 2713 1593 ego

1650 1609 1927 1660 Sardiniam
1960 1615 2090 1659 sorte
2120 1610 2241 1671 egit.
2303 1612 2319 1639 ‘
2343 1608 2532 1659 Sort'e’
2565 1624 2713 1658 nam-

1647 1700 1748 1751 que
1791 1686 1981 1735 divisas
2023 1683 2185 1734 fnisse
2222 1679 2512 1748 provincias
2557 1698 2712 1735 nemo

1646 1762 1871 1824 ignorat.
1937 1761 2046 1813 Qui
2075 1748 2302 1823 dubitat,
2334 1769 2527 1824 praeter
2559 1762 2715 1812 inuu-

1646 1852 1793 1887 tnera
1821 1838 1935 1889 loca
1974 1837 2219 1888 conferre
2252 1844 2429 1902 potest
2467 1837 2582 1887 Lir.
2619 1837 2714 1886 lib.

1648 1927 1731 1963 ιν.
1752 1928 1907 1978 capp.
1928 1918 2011 1965 37.
2047 1921 2102 1964 et
2138 1919 2222 1964 43.
2262 1927 2341 1963 vr.
2374 1917 2458 1963 3ο.
2492 1912 2582 1962 lib.
2606 1926 2714 1963 vn.

1648 2005 1804 2055 capp.
1823 1996 1873 2041 6.
1913 1998 1970 2040 et
1998 1996 2081 2042 38.
2121 1992 2307 2042 Senec.
2339 1990 2406 2040 de
2438 1990 2528 2039 lra
2556 2003 2599 2039 1.
2631 1993 2712 2038 16.

1647 2066 1788 2117 fine:
1836 2067 2105 2131 Spartiau.
2139 2068 2257 2116 Ser.
2291 2081 2447 2130 capp.
2486 2071 2536 2115 2.
2569 2072 2626 2115 et
2659 2070 2711 2115 4.

1646 2142 1923 2192 Muncker.
1966 2145 2031 2191 ad
2074 2144 2317 2192 Lactant.
2359 2142 2511 2191 Plac.
2551 2142 2713 2192 Narr.

1646 2220 1774 2269 Fal).
1812 2234 1877 2271 ιι.
1911 2236 1964 2285 p.
1984 2225 2099 2270 275.
2135 2221 2419 2282 Schulting.
2456 2219 2523 2269 ad
2549 2217 2605 2267 ff.
2638 2218 2707 2267 de

1645 2293 1753 2345 Off.
1778 2296 1933 2346 Proc.
1957 2297 1985 2360 ς
2010 2300 2058 2345 3.
2085 2297 2196 2345 Val.
2216 2297 2361 2345 Max.
2385 2309 2464 2345 vr.
2486 2300 2534 2344 9.
2559 2308 2644 2343 ex.
2659 2299 2711 2344 6.

1645 2372 1798 2423 Quod
1838 2374 1974 2422 idem
2008 2374 2074 2422 de
2102 2373 2201 2421 hac
2226 2372 2439 2421 Catonis
2480 2379 2711 2434 praetura

1644 2454 1908 2497 testantur
1931 2449 2108 2497 Livius
2130 2457 2185 2497 et
2208 2448 2537 2497 Plutarchus.
2581 2449 2707 2509 Egit

1644 2538 1771 2573 vero
1787 2525 1887 2574 erit
1906 2525 1924 2553 ⁴
1948 2523 2363 2581 administravit,'
2394 2528 2410 2554 ⁴
2429 2525 2567 2574 rexit
2584 2525 2618 2582 ;’
2650 2532 2709 2573 ut

1645 2606 1661 2629 ‘
1697 2615 1853 2664 agere
1897 2598 2149 2662 regnum,'
2192 2601 2260 2648 de
2303 2614 2407 2665 qua
2447 2601 2708 2650 locutione

1643 2676 1824 2726 confer
1868 2676 2078 2727 Duker.
2125 2676 2193 2726 ad
2242 2677 2384 2725 Flor.
2424 2690 2466 2725 1.
2502 2681 2553 2727 6.
2595 2679 2708 2741 92.

1645 2754 1756 2803 Liv.
1779 2767 1820 2802 1.
1837 2757 1921 2802 32.
1956 2754 1971 2781 ‘
1995 2753 2147 2803 Inter
2169 2752 2362 2801 sacella
2397 2757 2454 2801 et
2486 2766 2603 2802 aras
2623 2767 2709 2801 ac-

1642 2837 1815 2881 turum
1839 2843 1967 2879 'esse
2004 2844 2218 2893 regnum
2252 2827 2394 2877 rati.'
2434 2830 2709 2878 ‘Potesta-

1642 2912 1749 2956 tem
1789 2906 1976 2968 agere'
2011 2907 2146 2969 apud
2171 2905 2394 2955 eundem
2419 2905 2562 2955 Flor.
2586 2920 2627 2956 ι.
2656 2910 2708 2956 7.

1641 2984 1735 3046 §2
1757 2986 1773 3013 ⁸
1798 2982 2085 3046 Imperium
2123 2982 2311 3045 agere’
2338 2982 2542 3031 Plinius
2568 2983 2710 3033 Hist.

1644 3062 1773 3110 Nat.
1815 3075 1919 3110 vn.
1958 3064 2040 3110 28.
2097 3059 2285 3123 Virgil.
2340 3058 2460 3108 AEn.
2498 3072 2537 3107 1.
2591 3064 2709 3110 574.

1641 3144 1657 3166 ‘
1681 3138 1809 3186 Tros
1847 3137 2136 3202 Tyriusque
2176 3137 2297 3184 mihi
2339 3135 2483 3184 nullo
2526 3136 2708 3186 discri-

1642 3216 1780 3263 mine
1823 3224 2007 3278 agetur
2028 3212 2066 3263 ε’
2113 3213 2200 3262 ubi
2246 3213 2460 3263 Servius
2492 3218 2706 3275 regetur.

1641 3292 1797 3342 Unde
1841 3299 1858 3321 ⁶
1892 3305 2050 3353 agere
2081 3288 2310 3354 aliquid’
2348 3289 2548 3339 dieitur
2591 3306 2705 3352 pro·

1642 3370 1823 3418 consul
1866 3382 1959 3417 seu
2000 3371 2293 3430 propraetor
2335 3366 2386 3414 iu
2428 3367 2708 3427 provinciis

1643 3460 1736 3508 pro
1762 3446 1777 3473 ‘
1800 3458 1986 3495 curare
2004 3442 2038 3493 ι’
2072 3443 2109 3491 1.
2144 3446 2191 3491 1.
2223 3455 2307 3506 pr.
2335 3439 2391 3491 ff.
2422 3441 2490 3491 de
2529 3442 2708 3491 Alien.

1638 3522 1764 3574 Jud.
1804 3526 1932 3569 mut.
1979 3534 2181 3572 caussa.
2217 3520 2249 3566 Ι.
2276 3523 2322 3567 1.
2354 3520 2383 3583 ς
2420 3522 2469 3567 1.
2499 3517 2560 3567 ff.
2598 3519 2705 3568 Ubi

1639 3596 1822 3662 pupill.
1849 3595 2001 3644 educ.
2023 3601 2077 3644 et
2100 3595 2135 3643 l.
2159 3597 2206 3644 1.
2233 3595 2261 3657 §
2288 3597 2366 3642 10.
2387 3592 2445 3642 ff.
2467 3594 2536 3643 de
2555 3608 2702 3658 oper.

1638 3675 1757 3722 novi
1794 3687 1950 3722 nunc.
2016 3670 2070 3721 Si
2110 3685 2193 3718 res
2230 3670 2390 3732 igitur
2424 3671 2526 3719 mei
2562 3678 2704 3720 esset

1630 3749 1840 3813 judicii,
1864 3746 2183 3811 praeferrem,
2218 3746 2403 3807 partim
2429 3746 2560 3794 Mss.
2582 3761 2701 3810 par-

1636 3826 1731 3874 tim
1784 3825 1995 3888 adjutus
2050 3823 2277 3886 ingenio.
2336 3822 2560 3878 Quaestor
2614 3822 2702 3871 sub

1638 3904 1864 3966 Scipione
1883 3901 2185 3961 fortissimus
2202 3899 2313 3959 fuit
2336 3915 2356 3956 ,·
2386 3899 2439 3947 in
2467 3904 2699 3963 praetura,

1635 3979 1915 4029 Sardiniam
1954 3983 2082 4026 sorte
2122 3976 2241 4037 egit.
2309 3976 2542 4026 Videant
2585 3990 2702 4025 eru-

1636 4056 1874 4104 ditiores.
1929 4053 2118 4116 Siquis
2136 4052 2259 4116 quid
2278 4052 2460 4101 melius
2474 4050 2695 4114 adferat,

1635 4133 1774 4182 inter
1816 4133 2010 4195 primos
2053 4144 2136 4179 me
2179 4129 2409 4192 reperiet
2452 4127 2693 4178 felicioris

1635 4209 1827 4272 ingenii
1852 4211 2221 4257 aestimatores.
2253 4206 2428 4254 Aratz.

1702 4284 1885 4347 Ennio]
1920 4283 2088 4335 Poeta
2107 4282 2314 4346 ingenio
2337 4281 2609 4344 maximus,
2620 4295 2695 4329 ar·
