3025 4934
519 335 650 401 542

589 498 846 564 clientem]
881 497 958 548 Μ.
979 497 1270 549 Claudiurn.
1299 500 1467 550 Maeli.

591 573 691 628 Qui
704 588 807 623 em
820 574 873 622 in
886 574 1133 625 seruitium
1149 574 1440 638 deposceret]
1465 574 1577 625 Me·

519 647 711 699 diolan.
749 650 901 713 longe
935 651 1133 700 evariat
1165 651 1247 714 qui
1265 666 1368 701 eum
1398 651 1576 700 uindex

514 730 760 788 posceret3
814 727 1072 790 quomodo
1102 728 1261 782 etiam
1299 728 1575 790 legendum

515 800 651 850 mibi
663 801 887 858 videtur,
912 802 1046 867 quod
1071 803 1196 853 JCti
1220 802 1470 852 vindicias
1493 819 1572 870 se·

515 880 742 930 cundum
781 882 1081 931 libertatem
1132 890 1221 932 aut
1265 882 1571 932 servitutem

515 955 643 1007 dare
667 957 913 1010 dixerint.
979 960 1150 1009 Locus
1180 961 1265 1010 hic
1290 962 1426 1024 apud
1453 962 1572 1011 Liv.

513 1031 765 1083 obscurus
789 1036 914 1084 satis
935 1049 963 1080 ε’
983 1036 1000 1062 ‘
1023 1037 1101 1086 M.
1121 1036 1337 1086 Claudio
1356 1036 1574 1102 clienti,’

512 1108 704 1174 inquit,
725 1111 741 1138 ‘
758 1112 1026 1175 negotium
1058 1112 1207 1162 dedit
1238 1121 1298 1162 ut
1320 1113 1570 1176 virginem

513 1184 567 1234 iu
587 1186 889 1236 servitutem
921 1195 1194 1247 assereret,
1227 1203 1395 1253 neque
1419 1189 1571 1238 cede·

513 1269 596 1312 ret
616 1263 899 1313 secundum
930 1265 1228 1313 libertatern
1264 1265 1570 1327 postulanti-

512 1337 608 1386 bus
633 1339 909 1389 vindicias:
945 1341 1082 1405 quod
1101 1349 1250 1405 pater
1272 1342 1460 1402 puellae
1481 1342 1570 1391 ab·

513 1424 674 1478 esset,
695 1416 864 1465 locum
895 1416 1095 1480 injuriae
1129 1407 1238 1465 esse
1264 1417 1468 1477 ratus3'
1501 1417 1570 1466 de

511 1506 614 1556 quo
633 1491 753 1541 vide
774 1493 1017 1543 Raevard.
1037 1494 1122 1543 ad.
1139 1495 1305 1556 Leges
1327 1508 1433 1545 xu.
1449 1499 1498 1544 6.
1514 1501 1573 1545 et

508 1571 565 1619 in
581 1569 781 1619 Variis:
815 1569 881 1620 ad
901 1572 965 1620 de
980 1570 1204 1620 Turneb.
1217 1569 1501 1620 Adversar.
1530 1572 1569 1622 1.

509 1656 638 1694 xm.
651 1659 700 1694 c.
716 1650 801 1695 27.
827 1646 914 1695 Fr.
930 1645 1276 1696 Hottomann.
1289 1646 1570 1697 Observst.

500 1731 551 1768 ·ι.
571 1722 655 1770 32.
686 1718 842 1769 Alex.
867 1720 1089 1785 Neapol.
1112 1735 1191 1772 vr.
1219 1726 1302 1771 10.
1349 1723 1566 1773 Coelium

507 1796 694 1860 Rodig.
733 1810 878 1849 xvu.
922 1803 1005 1848 29.
1083 1800 1326 1863 Denique
1381 1801 1570 1851 Ascon-

504 1872 730 1922 *Pediam
768 1875 925 1924 Verr.
961 1876 1054 1925 lib.
1079 1889 1166 1925 ιιι.
1201 1876 1390 1925 Schott.
1459 1878 1564 1927 Sed

504 1950 761 2013 quomodo
777 1951 960 2016 aliquis
976 1953 1154 2010 vindex
1171 1954 1387 2018 erit,qui
1403 1953 1565 2004 homi-

500 2039 623 2075 nem
681 2028 838 2078 talem
892 2036 1112 2078 conatur
1166 2028 1473 2086 abstrahere
1510 2031 1564 2080 iu

504 2104 806 2153 servitutem
827 2106 848 2153 ?
903 2105 1111 2153 Vindex
1155 2106 1290 2154 enim
1333 2113 1437 2165 est,
1476 2108 1564 2171 qui

502 2178 725 2242 aliquem
750 2194 816 2230 ex
840 2180 1093 2229 servitute
1118 2180 1326 2244 liberat,
1348 2196 1450 2230 nou
1473 2182 1563 2246 qui

501 2255 720 2319 aliquem
745 2258 795 2304 in
818 2257 1121 2306 servitutem
1145 2257 1383 2308 abducit.
1435 2259 1563 2308 Fes-

498 2338 587 2380 tus
617 2333 669 2380 in
702 2348 834 2383 voce
869 2333 1179 2383 ‘Vindext'
1218 2335 1460 2384 ‘Vindex
1492 2336 1560 2384 ab

501 2420 583 2464 eo,
608 2407 744 2472 quod
781 2408 1028 2466 vindicat,
1048 2424 1150 2474 quo
1177 2409 1343 2458 minus
1375 2411 1438 2467 is,
1470 2412 1560 2476 qui

498 2496 720 2545 prensus
736 2491 839 2548 est,
855 2483 923 2533 ab
936 2485 1108 2549 aliquo
1125 2485 1402 2535 teneatur.'
1436 2488 1554 2536 Vir·

499 2561 642 2625 ginia
661 2561 828 2612 libera
849 2571 983 2625 erat,
1004 2570 1060 2613 et
1081 2577 1111 2612 a
1134 2564 1335 2613 nemine
1349 2579 1557 2626 prensa,

496 2636 729 2702 adeoque
752 2639 1074 2688 necessarius
1096 2654 1197 2688 non
1218 2645 1332 2689 erat
1346 2640 1554 2692 vindex.

499 2712 726 2765 Omnino
748 2716 907 2779 igitur
930 2716 1202 2765 retinenda
1223 2716 1323 2765 erit
1343 2724 1556 2794 recepta

495 2792 675 2857 lectio,
687 2793 783 2841 uisi
799 2791 936 2857 quod
955 2807 1048 2856 pro
1065 2794 1342 2842 servitutem
1353 2808 1418 2842 ex
1434 2808 1554 2842 nos·

493 2868 592 2915 tris
615 2866 765 2917 codd.
787 2868 1089 2932 scripsimus
1117 2870 1383 2919 seruitium.
1420 2869 1553 2919 Arn-

495 2944 714 2993 tzeniu‘s.
956 2985 962 2990 .

561 3022 589 3083 ἦ
611 3022 642 3068 3
669 3021 791 3068 Cum
813 3019 916 3084 ipso
937 3020 1015 3070 dt‘e
1033 3019 1240 3080 judiciis
1260 3022 1553 3086 supervenis-

491 3096 588 3159 set]
610 3096 695 3145 Ita
714 3098 842 3145 Mss.
882 3097 1107 3149 Quidam
1132 3097 1286 3147 codd.
1310 3100 1432 3147 Cum
1453 3101 1554 3162 ipse

479 3172 661 3233 judicii
697 3174 800 3222 dies
827 3172 1197 3235 supervenisset.-
1234 3188 1336 3222 nou
1362 3175 1550 3237 placet.

492 3249 677 3298 Schott.
741 3250 923 3299 Malim
945 3249 1150 3312 abjecta
1172 3250 1327 3298 litera
1336 3249 1512 3310 judicii
1530 3268 1552 3310 ,-

493 3325 698 3374 volente
726 3325 1009 3388 exemplari
1033 3324 1276 3389 Palatino
1311 3333 1549 3391 utroque.

495 3400 644 3451 Gmt.
711 3401 932 3449 Praetuli
966 3401 1276 3463 scripturam
1318 3401 1548 3466 quinque

489 3479 742 3535 codicum,
763 3479 848 3544 dui
872 3478 1052 3539 ‚iudicii
1075 3478 1340 3528 exhibent.
1373 3481 1548 3531 Livius

489 3566 555 3605 11.
587 3562 671 3605 54.
699 3554 1099 3618 ‘Igitnrjudicii
1121 3554 1226 3618 die,
1256 3570 1372 3605 cum
1397 3557 1547 3620 plebs

488 3631 541 3680 in
564 3630 678 3680 foro
706 3639 887 3680 erecta
920 3631 1316 3694 exspectatione
1348 3634 1547 3683 stare&

489 3709 683 3755 111.58.
713 3705 883 3756 ‘Ante
897 3705 1087 3769 judicii
1112 3706 1251 3755 diem
1285 3705 1440 3756 finem
1475 3707 1546 3757 ibi

489 3782 610 3831 vitae
634 3779 800 3831 fecit-³
836 3781 1038 3831 Plinius
1061 3782 1229 3846 Epist.
1254 3797 1310 3831 v.
1335 3789 1384 3833 1.
1403 3784 1544 3848 ‘Ap-

488 3857 705 3920 petebat
732 3855 920 3920 judicii
945 3856 1088 3908 dies.⁹
1154 3858 1353 3910 Eodem
1386 3860 1545 3910 modo

487 3932 709 3982 vidimus
732 3946 848 3995 cap.
872 3937 952 3982 17.
973 3936 1002 3998 §
1025 3938 1074 3986 3.
1095 3935 1112 3963 ⁴
1129 3935 1397 4001 Triumphi
1421 3936 1545 3986 die.’

480 4005 643 4070 Apud
666 4007 777 4057 Liv.
804 4021 939 4057 xxx.
971 4012 1051 4059 38.
1088 4010 1253 4064 ‘Dies
1278 4013 1546 4063 ludorum?

483 4087 500 4112 ‘
516 4085 740 4147 Tempus
754 4084 970 4148 judicii'
993 4085 1127 4136 dixit
1151 4088 1324 4138 Livius
1347 4104 1424 4138 ιν.
1457 4094 1542 4140 44.

485 4159 567 4220 uti
589 4159 808 4210 Rutilius
834 4175 871 4212 ι.
893 4167 1008 4212 541.
1028 4164 1043 4190 ‘
1063 4163 1326 4229 Tempora
1351 4167 1542 4229 navigii

485 4237 653 4288 clarus
675 4249 1004 4303 reparaverat
1028 4241 1225 4293 Eurus:
1244 4242 1258 4263 '
1299 4243 1386 4292 ubi
1408 4247 1540 4294 male

1213 355 1432 405 No'rAE
1479 356 1885 407 vamomm
1934 358 2017 408 m

1652 498 1953 567 onuphrius
1972 499 2201 563 nauigiis.
2266 499 2385 552 Hoc
2407 506 2581 554 autem
2595 502 2710 557 loco

1650 576 1777 626 illud
1820 593 1847 626 s
1887 578 2107 628 adhesit
2148 591 2215 627 ex
2258 580 2499 648 sequenti
2533 596 2709 644 ,νοσεῖ

1649 655 1881 718 quamvis
1903 654 1992 703 illa
2015 655 2163 704 litera
2183 669 2213 703 a
2239 654 2460 704 librariis
2476 656 2610 718 baud
2628 671 2710 707 ra-

1651 741 1708 777 ro
1730 728 1907 779 addita
1930 727 2110 792 fuerit,
2125 729 2212 790 ‚ubi
2228 744 2437 782 necesse
2452 745 2555 780 uon
2579 721 2711 800 erat.

1648 806 1908 868 Sigon-ad
1918 808 2035 862 Liv.
2054 820 2197 866 nn.
2215 812 2297 857 25.
2311 807 2477 859 Gron.
2496 808 2564 858 ad
2582 810 2709 859 Seu.

1645 881 1858 945 OEbyest.
1896 898 1972 932 vs.
2003 888 2116 934 302.
2153 890 2211 933 et
2244 888 2359 935 571.
2400 884 2602 934 Pierius
2638 885 2710 934 ad
2809 895 2817 904 ·

1646 958 1794 1022 Virg-
1816 958 1933 1008 AEn.
1957 972 2038 1008 tv.
2060 973 2135 1008 vs.
2152 962 2267 1010 167.
2285 966 2341 1009 et
2362 973 2455 1009 nos
2478 957 2619 1009 infra
2638 959 2707 1008 ad

1645 1037 1910 1098 cap.42.§
1934 1038 1984 1086 1.
2050 1035 2117 1084 In
2151 1033 2270 1086 cod.
2298 1034 2472 1084 Hauu.
2508 1035 2706 1099 reperi-

1646 1115 1728 1157 tur
1749 1124 1891 1171 qum
1911 1110 1963 1159 in
1981 1109 2272 1169 oenjudicii
2284 1124 2388 1173 sup.
2411 1109 2595 1161 Arntz.
2651 1152 2657 1156 .

1708 1186 2087 1250 Super-venisset]
2132 1186 2183 1236 A
2222 1188 2421 1237 duobus
2449 1188 2703 1251 impigris

1615 1261 1921 1326 ‚juvenibus
1946 1264 2225 1313 arcessitus
2260 1277 2291 1312 e
2325 1265 2532 1326 castris,
2555 1272 2705 1326 auteq

1643 1353 1796 1403 quarn
1824 1339 1991 1392 literae
2014 1340 2178 1404 Appii
2213 1339 2230 1368 ‘
2250 1342 2674 1403 supervenissent
2690 1342 2704 1364 ’

1642 1414 1921 1465 scribentis
1975 1417 2209 1480 collegis,
2265 1423 2283 1446 ‘
2304 1431 2370 1466 ne
2405 1418 2479 1467 illi
2511 1417 2702 1469 darent

1642 1497 2003 1548 commeatum,
2045 1493 2139 1542 sed
2185 1494 2237 1542 in
2271 1493 2510 1544 custodia
2542 1494 2701 1544 habe·

1643 1563 1798 1615 rent.’
1817 1566 1983 1616 Mucii.

1705 1641 1990 1705 Addictum]
2029 1641 2046 1670 ‘
2064 1640 2398 1706 obligatam.’
2449 1642 2699 1708 Propert.

1637 1718 1740 1768 ‘Et
1766 1720 1926 1770 trabit
1947 1718 2213 1770 addictum
2237 1720 2332 1768 sub
2355 1734 2447 1768 sua
2467 1720 2595 1784 jura
2623 1723 2700 1771 vi-

1621 1793 1791 1842 ·rum.'
1872 1795 1995 1847 Jarn
2063 1794 2292 1860 Appius,
2342 1795 2453 1859 ‘I‚’
2507 1781 2699 1862 induit,

1638 1873 1655 1901 ‘
1677 1871 1849 1936 lictor,
1867 1887 2133 1933 summove
2156 1873 2378 1930 turbam,
2397 1880 2453 1923 et
2474 1875 2540 1924 da
2564 1877 2697 1928 viam

1636 1947 1847 1998 domiuo
1885 1949 1952 1998 ad
1997 1948 2415 2014 prehendendum
2450 1951 2697 2016 mancipif

1637 2024 1757 2073 um.’
1776 2023 2012 2075 Mus-hun:
2055 2025 2214 2074 ·Male
2238 2025 2326 2089 qui
2348 2025 2565 2075 additum
2587 2028 2696 2090 edi-

1636 2096 1847 2163 derunt,
1885 2104 2181 2165 ignorantes
2214 2102 2354 2150 vocis
2397 2103 2533 2156 vimz
2570 2103 2696 2152 ‘ad-

1634 2176 1763 2226 dicti
1781 2176 1796 2197 ’
1817 2177 1952 2227 euim
1977 2178 2013 2226 ii
2048 2177 2375 2231 dicebantur,
2395 2180 2482 2242 qui
2505 2187 2695 2241 praeto·

1635 2254 1707 2301 ris
1732 2255 2169 2316 pronuntiatione.
2185 2268 2303 2304 cum
2327 2256 2575 2306 solvendo
2592 2271 2696 2307 non

1635 2339 1829 2393 esseut,
1849 2331 2194 2388 creditoribus
2229 2332 2604 2399 vendebantur,
2635 2342 2696 2385 ut

1633 2408 1688 2456 iu
1710 2422 1797 2457 eos
1825 2409 1947 2460 vitae
1983 2409 2227 2472 necisque
2260 2416 2571 2473 potestatem
2606 2411 2697 2460 lia-

1634 2484 1848 2535 berentz
1900 2495 1979 2535 est
2011 2481 2148 2534 enim
2190 2500 2257 2534 ex
2305 2485 2471 2535 tribus
2513 2486 2691 2536 verbis

1634 2561 1913 2622 praetoriis,
1935 2575 2049 2628 quae
2074 2557 2195 2610 s‘unt
2230 2562 2367 2623 ‘Do,
2401 2563 2552 2619 Dico,
2580 2562 2690 2611 Ad-

1630 2634 1787 2686 dico.’
1854 2637 2056 2687 Auctor
2077 2643 2258 2687 noster
2289 2637 2425 2687 infra
2453 2640 2506 2688 in
2537 2639 2691 2692 Man·

1630 2716 1700 2765 lio
1734 2716 2066 2779 Capitolino:
2125 2718 2233 2766 ‘Et
2276 2715 2515 2766 addictos
2571 2732 2693 2781 pro-

1631 2792 1745 2855 pria
1783 2792 2005 2855 pecunia
2043 2791 2324 2841 liberarem
2346 2790 2361 2813 ’
2422 2794 2500 2841 sic
2548 2792 2689 2845 enim

1630 2868 1781 2931 primi
1802 2866 2079 2930 legendum
2108 2868 2393 2916 docuimus.
2459 2868 2602 2919 Quid
2624 2871 2688 2928 ,in

1630 2944 1866 3005 augurali
1902 2943 2139 3005 scientia,
2182 2959 2292 2993 ates
2340 2946 2589 3009 addicunt,
2634 2948 2690 2996 in

1630 3020 1806 3069 Numa
1838 3018 2015 3068 dicere
2049 3019 2273 3067 memini.
2306 3017 2495 3074 Soluen-
2563 3022 2687 3087 Nou

1617 3094 1902 3145 admodum
1924 3089 2153 3159 ignotam
2180 3109 2356 3145 vocem
2382 3088 2537 3145 vai-'iis
2560 3111 2686 3161 quo-

1627 3185 1727 3235 que
1752 3171 1916 3221 modis
1939 3181 2288 3233 corruperunt
2324 3174 2511 3222 nostri.
2581 3175 2686 3223 Ve-

1626 3262 1737 3296 rum
1764 3255 1977 3310 recepta
2000 3247 2260 3310 scriptura
2275 3248 2460 3297 mutari
2479 3263 2581 3297 non
2595 3250 2688 3299 de-

1627 3324 1737 3380 bet,
1758 3339 1872 3388 quae
1895 3333 1980 3373 est
2001 3323 2286 3374 verissima.
2318 3326 2491 3374 Livius
2508 3340 2587 3375 vl.
2607 3331 2687 3376 14.

1622 3401 1953 3452 ‘Judicatum
1989 3399 2353 3465 addictumque
2390 3401 2508 3449 duci
2551 3404 2685 3463 pati·

1625 3467 1713 3526 art
1734 3473 1751 3497 '
1782 3483 1840 3525 ut
1864 3465 2046 3525 eodem
2070 3476 2161 3526 lib.
2195 3490 2348 3539 capp.
2373 3480 2453 3525 15.
2485 3481 2567 3526 20.
2600 3481 2683 3525 34.

1624 3556 1708 3604 36.
1732 3559 1788 3601 et
1819 3559 1923 3601 cet.
1991 3552 2247 3604 Quinctil.
2278 3553 2434 3601 Decl.
2473 3566 2562 3603 ιιι.
2602 3558 2682 3603 17.

1622 3634 1638 3659 ⁶
1656 3629 1930 3693 Flagitium
1953 3638 2169 3679 conatus
2191 3629 2245 3678 in
2266 3628 2480 3679 addicto
2501 3644 2566 3681 ac
2590 3644 2682 3694 pe·

1621 3721 1688 3756 ne
1712 3703 1906 3770 servo!
1970 3706 2108 3755 Vide
2128 3706 2378 3755 Savarou·
2402 3707 2467 3755 ad
2498 3706 2677 3756 Sidou.

1620 3777 1805 3847 Apoll.
1822 3782 1993 3846 Epist.
2015 3795 2055 3830 1.
2079 3784 2129 3829 7.
2148 3785 2230 3830 57.
2251 3781 2423 3845 Epist.
2455 3795 2519 3831 ιι.
2541 3786 2593 3832 7.
2621 3792 2680 3834 et

1620 3860 1789 3922 Epist.
1815 3871 1870 3907 v.
1891 3862 1941 3922 7.
1962 3861 2153 3922 ρ.,329.
2186 3857 2383 3909 Justin.
2405 3870 2557 3907 xxn.
2577 3862 2626 3909 3.
2646 3862 2676 3923 ξ

1617 3941 1668 3986 4.
1702 3936 1985 4002 ‘Civitates
2022 3937 2279 3987 sociorum
2314 3935 2486 3984 eidem
2521 3938 2677 3986 titulo

1619 4010 1762 4077 pacis
1786 4011 2055 4061 addictas:
2081 4010 2096 4034 ’
2130 4020 2184 4061 et
2209 4011 2474 4061 Drakenb.
2496 4014 2562 4061 ad
2582 4012 2679 4064 Sil.

1619 4102 1716 4137 xv.
1735 4092 1852 4137 247.
1894 4088 2079 4137 Solent
2106 4096 2278 4154 autem
2302 4089 2416 4139 baec
2446 4089 2523 4139 ita
2554 4104 2675 4160 con-

1614 4164 1783 4216 fundi.
1819 4164 1951 4214 Vide
1972 4166 2260 4216 comment.
2277 4166 2341 4214 ad
2356 4167 2523 4234 Tacit.
2538 4166 2672 4216 Anu.

1621 4256 1725 4292 xn.
1765 4246 1814 4290 7.
1843 4242 1905 4292 ad
1931 4242 2108 4293 Valer.
2147 4244 2291 4293 Max.
2329 4257 2402 4292 iv.
2437 4249 2487 4293 8.
2519 4259 2603 4294 ex.
2626 4248 2672 4295 1.
