3025 4934
532 353 666 419 660

534 519 590 563 ta
621 495 903 562 Palatium.
970 509 1053 559 Ex
1088 513 1299 559 auctore
1337 508 1600 560 Bellorum

533 588 806 639 civilium:
854 591 871 614 ⁵
887 586 1049 649 Juxta
1087 584 1354 634 civitatem
1399 585 1599 635 Marius

533 672 707 716 castra
730 670 957 712 metatus
984 661 1192 725 propius
1215 661 1463 724 paulatim
1486 676 1600 712 ces·

533 740 636 792 sit=
684 753 800 790 cum
827 737 892 787 ad
930 738 1293 801 Sacriportum
1331 737 1597 801 pervenis·

530 824 632 878 set,
664 816 841 879 copias
874 814 926 864 in
962 813 1196 879 pralium
1231 811 1430 874 educit,
1460 815 1596 863 acri-

531 898 720 956 terque
741 890 811 941 ab
832 889 1029 939 eisdem
1052 895 1344 953 pugnatur:
1381 890 1596 940 sinistra

528 967 644 1018 acie
667 968 971 1028 inclinante,
993 966 1219 1031 quinque
1251 963 1483 1030 peditum
1506 979 1594 1016 co·

525 1046 723 1108 hortea,
742 1044 859 1095 duae
882 1045 1134 1110 equitum,
1170 1058 1272 1093 uon
1309 1051 1595 1107 expectata

525 1122 745 1172 aliorum
783 1121 1132 1177 conversione,
1169 1119 1392 1184 abjectis
1430 1122 1592 1185 signis

524 1197 592 1247 cd
614 1199 809 1261 Syllam
844 1195 1208 1260 confugerunt,
1241 1211 1304 1246 ac
1340 1203 1450 1246 tum
1487 1200 1591 1261 pri·

523 1287 664 1323 mum
696 1274 843 1337 origo
874 1272 1036 1322 cladis
1063 1272 1306 1322 emersit:
1344 1272 1591 1324 interfec-

521 1352 592 1399 tis
629 1352 825 1415 quippe
862 1349 1094 1412 plurimis
1126 1350 1308 1414 reliqui
1333 1349 1591 1408 Breueste

521 1425 650 1491 fuga
669 1425 1011 1485 contendere,
1028 1423 1172 1487 Sylla
1194 1438 1312 1474 cum
1335 1438 1489 1475 cursu
1510 1427 1588 1473 in-

520 1509 794 1567 sequente.
861 1500 1160 1550 Prenestiui
1201 1502 1395 1564 primos
1439 1514 1588 1551 rece·

518 1588 731 1644 perunt,
751 1578 1201 1643 appropinquante
1230 1577 1420 1628 deinde
1442 1579 1589 1642 Sylla

518 1668 551 1704 e
583 1654 790 1703 diversa
814 1659 985 1717 porta,
1018 1660 1075 1702 et
1110 1654 1336 1716 occlusa,
1356 1653 1586 1703 Marium

517 1744 614 1795 per
656 1729 939 1781 fenestram
974 1726 1187 1778 funibus
1226 1728 1589 1782 sustulerunt!

518 1807 689 1857 March.

581 1884 685 1934 Sub
706 1883 811 1947 dio]
840 1881 962 1932 ’Auo
989 1883 1078 1933 τοῦ
1095 1880 1229 1939 Διὸς,
1251 1882 1302 1931 id
1322 1890 1425 1946 est,
1446 1883 1583 1933 aere:

514 1963 543 2012 ὁ
560 1963 692 2020 Ζεὺς,
707 1963 796 2013 τοῦ
806 1960 938 2025 Διὸς,
949 1963 1106 2012 uiirem
1118 1960 1396 2026 significat.
1418 1962 1587 2012 Maeli.

515 2041 620 2091 Sub
661 2041 771 2090 dio.-
814 2040 914 2089 hoc
958 2046 1058 2103 est,
1092 2038 1178 2087 sab
1213 2039 1344 2088 coelo.
1388 2038 1585 2088 Ancon.

512 2115 651 2168 Ped.
670 2119 825 2168 Verr.
846 2116 938 2166 lib.
962 2130 1053 2166 ιιι.
1090 2115 1229 2165 Vide
1255 2116 1467 2165 Festum
1490 2116 1582 2167 lib.

511 2208 592 2244 lv.
624 2194 727 2245 Sub
746 2194 856 2243 dieo
879 2193 1081 2258 antiqui
1104 2192 1291 2254 scripti
1317 2193 1455 2241 libri.
1485 2192 1583 2243 Ju-

512 2272 654 2334 piter
674 2285 770 2335 pro
794 2269 913 2319 aiire
937 2283 969 2319 a
989 2267 1255 2319 veteribus
1280 2276 1580 2333 usurpatus.

509 2346 760 2397 Horatius
782 2344 890 2396 Od.
911 2345 1002 2395 lib.
1019 2358 1059 2394 1.
1090 2344 1107 2373 ⁶
1122 2344 1308 2396 Manet
1330 2346 1427 2395 sub
1443 2345 1578 2397 Jove

508 2422 699 2487 frigido
723 2424 973 2485 Venator,
1007 2429 1206 2472 tenerae
1242 2422 1474 2486 conjugis
1497 2423 1578 2472 in-

507 2499 748 2550 memor?
774 2500 995 2548 Veteres
1015 2497 1403 2563 subjungebant
1424 2507 1478 2548 et
1496 2500 1576 2549 di·

508 2578 699 2628 cebant
726 2585 741 2607 ‘
766 2576 863 2626 sub
885 2575 972 2625 dio
994 2573 1175 2637 coelo;’
1209 2581 1268 2625 ut
1289 2576 1464 2637 Caper
1485 2590 1575 2625 an·

504 2662 655 2703 notat
691 2654 745 2702 in
783 2650 1188 2715 orthographia.
1225 2650 1410 2700 Schott.
1472 2652 1575 2701 Sub

502 2731 615 2780 dieo
637 2730 795 2779 etiam
818 2729 952 2777 Mas.
973 2727 1155 2787 nostri,
1187 2727 1283 2776 nisi
1318 2727 1457 2792 quod
1490 2742 1574 2777 so·

504 2806 603 2857 lito
641 2819 818 2855 errore
852 2803 999 2854 Leid.
1023 2808 1072 2853 1.
1103 2804 1226 2853 clivo
1260 2809 1316 2853 et
1348 2803 1497 2853 Leid.
1524 2807 1575 2855 2.

504 2884 662 2933 olivio.
727 2881 904 2947 Atque
923 2881 1056 2930 hanc
1076 2879 1355 2929 lectionem
1378 2894 1444 2929 ex
1477 2893 1571 2942 op·

505 2962 645 3010 timis
681 2958 838 3010 codd.
869 2959 1039 3009 solent
1073 2954 1326 3020 praeferre
1357 2954 1571 3006 eruditi.

503 3037 742 3086 Tot-rent.
757 3035 822 3085 ad
840 3035 1027 3084 Horat.
1044 3032 1148 3083 Od.
1170 3034 1393 3083 ιι.8.28.
1418 3032 1571 3082 Com·

501 3120 664 3172 ment.
685 3112 751 3162 ad
773 3112 970 3176 Nepet.
995 3110 1153 3160 Paua.
1171 3124 1219 3160 c.
1236 3115 1286 3159 5.
1307 3112 1335 3175 ξ
1353 3114 1403 3159 2.
1427 3110 1569 3159 Geb-

501 3191 650 3241 hard.
672 3189 737 3238 ad
758 3189 934 3239 Vitam
960 3187 1208 3238 Eumenis
1231 3202 1279 3236 c.
1301 3192 1350 3236 5.
1380 3189 1410 3252 ς
1431 3191 1481 3236 7.
1514 3194 1572 3237 et

471 3267 602 3334 'viri
623 3266 765 3317 docti
796 3265 862 3315 ad
895 3265 1041 3315 Suet.
1070 3261 1208 3327 Aug.
1232 3277 1350 3326 cap.
1373 3266 1457 3312 82.
1482 3263 1570 3313 ubi

501 3357 616 3393 eam
652 3343 932 3392 lectionem
968 3338 1281 3391 confirmant
1315 3346 1570 3402 excerpta

501 3421 772 3471 Vossiaua.
840 3417 1024 3480 Nuper
1065 3414 1132 3465 ab
1170 3415 1269 3463 hac
1305 3414 1569 3464 sententia

498 3495 743 3556 recessit,
764 3500 821 3543 et
850 3492 939 3542 snb
970 3490 1049 3540 dio
1084 3489 1315 3553 pretulit
1334 3488 1567 3546 Verbur·

498 3572 611 3636 gius
634 3569 699 3620 ad
722 3570 892 3620 Cicer.
919 3568 974 3617 in
1005 3565 1162 3616 Verr.
1192 3576 1235 3614 ι.
1257 3568 1339 3615 19.
1372 3565 1465 3615 sed
1499 3566 1566 3616 iis

498 3645 812 3707 rationibus,
843 3653 900 3694 ut
934 3643 1019 3695 vel
1052 3642 1235 3694 eodem
1263 3642 1566 3702 modotota

498 3737 601 3773 vox
630 3729 646 3752 ⁸
660 3722 811 3772 divus
829 3718 846 3743 ’
881 3734 912 3769 e
932 3718 1150 3769 civitate
1175 3717 1410 3767 Romana
1431 3715 1564 3769 reie-

497 3802 609 3865 gari
653 3805 850 3863 posset·
933 3797 1005 3847 Et
1047 3794 1121 3845 ibi
1176 3801 1348 3845 tamen
1403 3796 1564 3846 etiam

498 3885 682 3927 contra
714 3889 775 3923 ac
806 3874 860 3923 in
892 3873 1029 3922 notis
1054 3870 1289 3934 jusserat
1312 3872 1391 3920 vir
1411 3872 1562 3922 erud.

496 3954 581 4004 sub
601 3953 714 4003 dieo
734 3954 787 4000 in
810 3956 960 4000 textu
995 3948 1322 3997 retinuerunt
1346 3947 1566 4010 librarii,

494 4047 613 4083 nam
638 4034 713 4080 ita
735 4028 1005 4093 legebatur
1026 4026 1076 4074 in
1102 4023 1399 4088 Graeviano.
1449 4023 1564 4087 Ego

496 4119 774 4172 utrumque
800 4120 999 4171 possem
1036 4103 1335 4154 admittere.
1399 4100 1562 4163 Apud

495 4186 655 4251 Apul.
680 4183 887 4248 reperio
909 4181 1047 4231 Met·
1067 4191 1147 4228 tx.
1173 4192 1225 4242 p.
1250 4180 1366 4227 282.
1412 4183 1428 4207 ‘
1452 4177 1563 4227 Sub

495 4265 583 4313 dio
619 4268 674 4313 et
708 4262 764 4311 in
794 4264 1041 4312 contecto
1075 4254 1348 4307 conclusus
1386 4255 1576 4320 subu·-

1226 365 1448 419 NOTAE
1495 364 1907 415 vamonum
1960 365 2039 415 m

1673 508 1763 562 lo.’
1793 509 1968 564 Arntz,

1738 586 1768 649 ς
1789 589 1822 635 4
1856 585 2130 650 Proeaestae]
2167 585 2377 636 Dicitur
2398 584 2494 636 ἀπὸ
2513 587 2611 636 τᾶν
2627 586 2726 652 τρί-

1673 677 1780 718 m,
1805 662 1857 710 id
1881 668 1978 718 est,
2000 662 2203 713 ilicibus
2226 669 2284 711 et
2304 661 2530 725 lenticis,
2551 664 2623 713 ibi
2645 678 2728 713 co-

1674 739 1851 802 piosis.
1884 739 2052 789 Mach.
2106 740 2351 789 Proencste
2378 741 2595 803 confugit
2624 748 2728 789 ant.

1671 813 1789 864 libri
1813 816 2018 879 scripti.
2068 814 2197 866 Dixi
2221 815 2274 864 in
2298 816 2514 879 Papirio
2540 818 2725 867 Curso·

1671 904 1729 940 re
1741 905 1838 941 cur
1853 893 1963 941 sine
1974 892 2023 942 di
2032 892 2295 956 phthongo
2307 894 2487 942 urbem
2507 894 2727 956 scripse-

1668 968 1784 1016 rim.
1813 966 2000 1017 Scholt.
2070 967 2149 1017 Ex
2186 967 2318 1017 Mss-
2347 967 2435 1017 hic
2470 967 2596 1019 nihil
2620 969 2728 1032 peti

1668 1052 1862 1106 potest,
1882 1060 1997 1110 quae
2020 1043 2364 1110 diphthongos
2387 1045 2582 1108 passim
2604 1059 2729 1108 neg·

1666 1121 1851 1184 ligunt,
1872 1124 2108 1186 quamvis
2130 1121 2268 1172 infra
2287 1134 2336 1171 c.
2351 1126 2434 1171 76.
2457 1122 2554 1185 §a
2588 1120 2727 1169 Pra-

1665 1203 1793 1247 neste
1815 1213 1932 1248 cuin
1953 1214 1996 1247 ω
2017 1199 2314 1263 reperiatur
2332 1199 2385 1248 in
2407 1198 2556 1248 Leid.
2575 1202 2627 1248 2.
2647 1207 2727 1248 at-

1666 1281 1839 1323 tamen
1872 1279 2120 1338 prenestem
2150 1275 2477 1324 scribendum
2512 1287 2628 1324 esse
2653 1273 2726 1322 vi·

1664 1350 1832 1400 dimus
1843 1351 1908 1401 ad
1927 1367 1975 1402 c.
1990 1356 2046 1401 8!
2059 1384 2073 1401 .
2098 1352 2332 1415 Confugit
2347 1358 2567 1417 uterque
2579 1349 2727 1399 Leid.

1664 1426 1841 1476 Hann.
1872 1428 2025 1477 Fran.
2046 1434 2102 1478 et
2122 1428 2207 1478 ed.
2231 1427 2408 1477 Mach.
2433 1427 2520 1476 alii
2539 1426 2725 1488 mugit

1663 1502 1890 1552 edidere.
1955 1505 2142 1554 Cicero
2175 1518 2270 1568 pro
2303 1505 2452 1555 Sext.
2489 1503 2648 1553 Rosc.
2678 1516 2724 1554 c.

1664 1582 1745 1630 1⁰.
1792 1581 1809 1609 ‘
1836 1581 1918 1630 De
1958 1582 2239 1631 amicorum
2282 1587 2724 1645 cognatorumque

1662 1658 1926 1706 sententia
1960 1658 2175 1708 Romam
2210 1655 2498 1721 confugit?
2529 1661 2587 1705 et
2606 1656 2721 1705 Val-

1659 1732 1923 1783 Maximus
1958 1748 1998 1783 ι.
2031 1739 2082 1785 7.
2122 1749 2206 1784 ex.
2244 1738 2294 1783 7.
2337 1731 2602 1794 ‘Cassius,
2635 1731 2721 1796 qui

1658 1810 1982 1874 partes'ejus
2018 1817 2231 1861 secutus
2264 1808 2454 1866 fuerat,
2485 1806 2721 1858 Athenas

1659 1882 1931 1947 confugit!
1964 1886 2140 1936 Arutz.

1728 1959 1981 2025 offellum]
2014 1960 2120 2011 Alii
2162 1960 2403 2022 Ofellam
2437 1973 2617 2010 verum
2646 1958 2720 2009 A·

1644 2035 1819 2095 sellam
1838 2044 1920 2088 est
1942 2038 1995 2086 in
2018 2035 2164 2087 libris
2185 2049 2338 2102 paeue
2360 2036 2615 2096 omnihus,
2636 2034 2719 2085 vel

1656 2112 1905 2178 Affellam.
1969 2113 2149 2164 Graeci
2190 2122 2361 2163 tamen
2401 2127 2576 2163 rernm
2617 2113 2714 2162 Ro·

1654 2203 1920 2240 manarum
1930 2190 2214 2254 scriptores
2233 2187 2499 2253 Ὀφέλλαν,
2517 2195 2575 2239 ιιι
2595 2189 2718 2239 Plu-

1655 2269 1866 2319 tarchus
1899 2270 1952 2319 in
1987 2269 2150 2332 Sylla,
2179 2275 2235 2319 et
2258 2268 2528 2332 Appiauus
2561 2267 2652 2317 lib.
2673 2281 2715 2319 1.

1653 2345 1904 2409 scribunt,
1936 2354 1989 2394 et
2012 2345 2219 2410 quidam
2242 2343 2364 2395 libri
2388 2344 2518 2393 Mss.
2554 2356 2714 2408 quare

1652 2422 1781 2472 nihil
1802 2429 1965 2471 muto.
1997 2421 2187 2472 δώσει.
2255 2421 2426 2472 Quam
2448 2420 2592 2470 varie
2620 2420 2714 2470 hac

1650 2499 1704 2547 in
1738 2513 1863 2549 voce
1885 2498 2015 2563 lapsi
2041 2498 2238 2548 fuerint
2264 2497 2461 2547 librarii
2486 2495 2609 2547 vide
2647 2497 2713 2547 ad

1651 2575 1790 2625 Vell.
1815 2575 2028 2626 Patere.
2049 2588 2114 2624 ιι.
2135 2578 2217 2626 27.
2239 2576 2268 2639 §
2293 2578 2343 2623 6.
2367 2580 2423 2623 et
2444 2573 2622 2638 Sigon.
2645 2572 2712 2623 ad

1651 2652 1766 2703 Liv.
1788 2652 1932 2714 Epit.
1951 2651 1987 2701 1.
2011 2664 2292 2702 nxxxvm.
2322 2650 2498 2701 Arata.

1718 2728 2000 2791 Caniculae]
2031 2729 2128 2779 Est
2157 2730 2243 2777 via
2275 2730 2638 2788 subterranea,
2657 2730 2713 2776 et

1649 2807 1837 2857 animal
1853 2808 2160 2858 habitationi
2178 2807 2298 2858 huic
2317 2807 2543 2858 solitum.
2573 2806 2715 2856 Mar&

1648 2883 1815 2932 tialis:
1873 2882 2118 2933 ‘Gaudet
2151 2882 2204 2932 in
2246 2879 2444 2932 effossis
2472 2881 2711 2932 habitare

1647 2958 1917 3008 cuniculus
1939 2958 2135 3009 antris:
2168 2958 2490 3008 Monstravit
2525 2958 2711 3008 tacitas

1644 3033 1880 3085 hostibus
1925 3035 2013 3085 ille
2059 3032 2204 3085 vias.'
2237 3035 2402 3085 Mecla-
2480 3034 2626 3084 Leid.
2661 3039 2712 3084 2.

1643 3126 1732 3174 per
1767 3112 2060 3170 clanculum5
2095 3110 2224 3160 adeo
2256 3118 2317 3160 ut
2351 3109 2541 3159 omissa
2576 3124 2710 3175 prae·

1647 3189 1906 3253 positione
1939 3187 2044 3252 legi
2085 3192 2265 3252 posset
2300 3187 2584 3248 clanculum,
2619 3184 2711 3235 sed

1644 3262 1769 3312 nihil
1793 3271 1876 3312 est
1898 3262 2198 3312 mutandum
2220 3275 2288 3312 ex
2311 3260 2540 3323 Appian.
2576 3260 2710 3310 Bell.

1646 3339 1759 3390 Civ.
1782 3340 1873 3389 lib.
1896 3353 1936 3388 1.
1971 3353 2023 3403 p.
2041 3342 2156 3388 681.
2176 3340 2276 3387 ὅτε.
2308 3337 2482 3387 Arata.

1712 3417 1836 3465 Cum
1876 3414 2062 3479 omnia]
2104 3415 2213 3464 Pro
2250 3425 2357 3464 οιιιιι
2388 3414 2547 3464 omnia
2577 3419 2712 3478 septa

1641 3491 1952 3554 intelligeret,
1983 3490 2104 3541 libri
2140 3489 2347 3555 quidam
2384 3490 2515 3539 Mss.
2552 3491 2711 3540 ornain

1641 3573 1775 3631 septa
1796 3568 2089 3630 intelligens.
2122 3567 2328 3618 Schott.

1689 3646 2045 3711 Jugulandum]
2071 3644 2364 3708 Appianus‚
2394 3643 2412 3671 ⁶
2428 3643 2603 3693 Mario
2620 3656 2707 3708 ag·

1641 3735 1818 3786 gereni
1863 3736 1958 3785 per
2004 3721 2270 3771 cuniculos
2312 3720 2566 3783 ingresso,
2606 3734 2707 3770 nec

1639 3798 1806 3847 multo
1837 3804 1956 3863 post
1977 3797 2258 3847 interemto
2288 3810 2442 3845 mauu
2476 3796 2704 3860 propria,

1640 3874 1917 3925 Lucretius
1948 3872 2175 3924 abscidit
2203 3878 2383 3937 caput,
2402 3877 2460 3922 et
2492 3873 2559 3921 ad
2595 3871 2706 3935 Syl·

1638 3942 1740 3998 lam
1795 3950 1994 3999 mittit.’
2072 3948 2295 4011 Reliqua
2350 3948 2663 3997 Plutarchus
2683 3962 2702 3997 t

1639 4038 1795 4089 quum
1831 4026 1884 4075 in
1919 4023 2238 4074 Prenestina
2271 4022 2402 4073 urbe
2440 4023 2700 4074 obsidere·

1639 4109 1727 4152 tur
1757 4117 1787 4151 a
1822 4102 1986 4159 Sulla,
2022 4108 2258 4154 extrema
2279 4100 2451 4151 omnia
2474 4106 2697 4150 tentatus

1637 4182 1699 4227 ιιι
1730 4175 1999 4234 evaderet,
2020 4189 2179 4241 quum
2211 4176 2353 4225 nullo
2387 4175 2541 4225 modo
2575 4172 2697 4225 effu·

1637 4267 1761 4318 gere
1776 4260 1975 4320 posset,
1995 4266 2053 4304 se
2082 4251 2254 4317 ipsum
2272 4253 2500 4302 necavit.
2536 4250 2694 4301 Macte.
