<?xml version="1.0" encoding="UTF-8"?>
<!DOCTYPE html PUBLIC "-//W3C//DTD XHTML 1.0 Transitional//EN"
    "http://www.w3.org/TR/xhtml1/DTD/xhtml1-transitional.dtd">
<html xmlns="http://www.w3.org/1999/xhtml" xml:lang="en" lang="en">
 <head>
  <title>
</title>
<meta http-equiv="Content-Type" content="text/html;charset=utf-8" />
  <meta name='ocr-system' content='tesseract 3.04.00' />
  <meta name='ocr-capabilities' content='ocr_page ocr_carea ocr_par ocr_line ocrx_word'/>
</head>
<body>
  <div class='ocr_page' id='page_1' title='image "./sextiaureliivic00valpgoog_0373.png"; bbox 0 0 3025 4934; ppageno 0'>
   <div class='ocr_carea' id='block_1_1' title="bbox 753 409 2144 472">
    <p class='ocr_par' dir='ltr' id='par_1_1' title="bbox 753 409 2144 472">
     <span class='ocr_line' id='line_1_1' title="bbox 753 409 2144 472; baseline -0.001 -12"><span class='ocrx_word' id='word_1_1' title='bbox 753 412 1036 463; x_wconf 65' lang='lat' dir='ltr'>amun„</span> <span class='ocrx_word' id='word_1_2' title='bbox 1066 411 1264 460; x_wconf 78' lang='lat' dir='ltr'>vlo&#39;r.</span> <span class='ocrx_word' id='word_1_3' title='bbox 1302 410 1717 472; x_wconf 69' lang='lat' dir='ltr'>er&#39;romm,</span> <span class='ocrx_word' id='word_1_4' title='bbox 1762 409 1928 460; x_wconf 74' lang='lat' dir='ltr'><strong>GAP.</strong></span> <span class='ocrx_word' id='word_1_5' title='bbox 1978 410 2144 459; x_wconf 68' lang='lat' dir='ltr'>xvi.</span> 
     </span>
    </p>
   </div>
   <div class='ocr_carea' id='block_1_2' title="bbox 349 554 1427 4360">
    <p class='ocr_par' dir='ltr' id='par_1_2' title="bbox 349 554 1425 1749">
     <span class='ocr_line' id='line_1_2' title="bbox 349 554 1422 620; baseline -0.005 -13"><span class='ocrx_word' id='word_1_6' title='bbox 349 556 610 620; x_wconf 81' lang='lat' dir='ltr'>potuisset</span> <span class='ocrx_word' id='word_1_7' title='bbox 624 554 878 606; x_wconf 85' lang='lat' dir='ltr'>incutere.</span> <span class='ocrx_word' id='word_1_8' title='bbox 890 555 1102 605; x_wconf 52' lang='lat' dir='ltr'>&gt;iliade</span> <span class='ocrx_word' id='word_1_9' title='bbox 1114 560 1261 604; x_wconf 75' lang='lat' dir='ltr'>notat</span> <span class='ocrx_word' id='word_1_10' title='bbox 1274 567 1422 603; x_wconf 86' lang='lat' dir='ltr'>caus·</span> 
     </span>
     <span class='ocr_line' id='line_1_3' title="bbox 354 632 1420 693; baseline -0.005 -10"><span class='ocrx_word' id='word_1_11' title='bbox 354 644 468 683; x_wconf 71' lang='lat' dir='ltr'>sam</span> <span class='ocrx_word' id='word_1_12' title='bbox 515 642 805 688; x_wconf 77' lang='lat' dir='ltr'>externam,</span> <span class='ocrx_word' id='word_1_13' title='bbox 843 633 885 681; x_wconf 92' lang='lat' dir='ltr'>si</span> <span class='ocrx_word' id='word_1_14' title='bbox 929 644 1014 681; x_wconf 82' lang='lat' dir='ltr'>res</span> <span class='ocrx_word' id='word_1_15' title='bbox 1052 646 1151 680; x_wconf 88' lang='lat' dir='ltr'>non</span> <span class='ocrx_word' id='word_1_16' title='bbox 1191 632 1420 693; x_wconf 87' lang='lat' dir='ltr'>ipsorum</span> 
     </span>
     <span class='ocr_line' id='line_1_4' title="bbox 351 708 1421 770; baseline -0.007 -9"><span class='ocrx_word' id='word_1_17' title='bbox 351 710 817 770; x_wconf 65' lang='lat' dir='ltr'>hominurn‚rulpa</span> <span class='ocrx_word' id='word_1_18' title='bbox 851 708 1064 769; x_wconf 84' lang='lat' dir='ltr'>accidit,</span> <span class='ocrx_word' id='word_1_19' title='bbox 1091 709 1166 756; x_wconf 86' lang='lat' dir='ltr'>uti</span> <span class='ocrx_word' id='word_1_20' title='bbox 1201 708 1218 735; x_wconf 88' lang='lat'>‘</span> <span class='ocrx_word' id='word_1_21' title='bbox 1243 715 1421 755; x_wconf 69' lang='lat' dir='ltr'>terrm·</span> 
     </span>
     <span class='ocr_line' id='line_1_5' title="bbox 354 780 1421 846; baseline -0.005 -11"><span class='ocrx_word' id='word_1_22' title='bbox 354 784 569 846; x_wconf 78' lang='lat' dir='ltr'>notus‚&#39;</span> <span class='ocrx_word' id='word_1_23' title='bbox 605 782 1042 845; x_wconf 80' lang='lat' dir='ltr'>‘inundationes,&#39;</span> <span class='ocrx_word' id='word_1_24' title='bbox 1084 780 1265 845; x_wconf 82' lang='lat' dir='ltr'>‘lues‚&#39;</span> <span class='ocrx_word' id='word_1_25' title='bbox 1306 785 1321 811; x_wconf 81' lang='lat'>⁸</span> <span class='ocrx_word' id='word_1_26' title='bbox 1344 783 1421 831; x_wconf 82' lang='lat' dir='ltr'>lo-</span> 
     </span>
     <span class='ocr_line' id='line_1_6' title="bbox 352 858 1423 924; baseline -0.001 -15"><span class='ocrx_word' id='word_1_27' title='bbox 352 859 571 922; x_wconf 75' lang='lat' dir='ltr'>custas,&#39;</span> <span class='ocrx_word' id='word_1_28' title='bbox 603 863 704 909; x_wconf 70' lang='grc' dir='ltr'><strong><em>διο.</em></strong></span> <span class='ocrx_word' id='word_1_29' title='bbox 739 873 901 924; x_wconf 84' lang='lat' dir='ltr'>quare</span> <span class='ocrx_word' id='word_1_30' title='bbox 935 873 1055 910; x_wconf 86' lang='lat' dir='ltr'>cum</span> <span class='ocrx_word' id='word_1_31' title='bbox 1077 858 1216 909; x_wconf 79' lang='lat' dir='ltr'>Aldo</span> <span class='ocrx_word' id='word_1_32' title='bbox 1239 866 1296 908; x_wconf 86' lang='lat' dir='ltr'>et</span> <span class='ocrx_word' id='word_1_33' title='bbox 1314 872 1423 909; x_wconf 86' lang='lat' dir='ltr'>om-</span> 
     </span>
     <span class='ocr_line' id='line_1_7' title="bbox 351 934 1422 986; baseline 0 -1"><span class='ocrx_word' id='word_1_34' title='bbox 351 936 509 985; x_wconf 84' lang='lat' dir='ltr'>nibus</span> <span class='ocrx_word' id='word_1_35' title='bbox 544 935 699 984; x_wconf 86' lang='lat' dir='ltr'>codd.</span> <span class='ocrx_word' id='word_1_36' title='bbox 724 948 846 984; x_wconf 88' lang='lat' dir='ltr'>mox</span> <span class='ocrx_word' id='word_1_37' title='bbox 877 934 1208 985; x_wconf 88' lang='lat' dir='ltr'>scribendum</span> <span class='ocrx_word' id='word_1_38' title='bbox 1241 935 1422 986; x_wconf 64' lang='lat' dir='ltr'>leniam</span> 
     </span>
     <span class='ocr_line' id='line_1_8' title="bbox 354 1011 1423 1062; baseline 0.001 -2"><span class='ocrx_word' id='word_1_39' title='bbox 354 1017 457 1060; x_wconf 73' lang='lat' dir='ltr'>tar.</span> <span class='ocrx_word' id='word_1_40' title='bbox 523 1011 706 1061; x_wconf 84' lang='lat' dir='ltr'>Cicero</span> <span class='ocrx_word' id='word_1_41' title='bbox 742 1011 809 1060; x_wconf 83' lang='lat' dir='ltr'>de</span> <span class='ocrx_word' id='word_1_42' title='bbox 844 1011 1054 1062; x_wconf 81' lang='lat' dir='ltr'>Natura</span> <span class='ocrx_word' id='word_1_43' title='bbox 1077 1013 1238 1062; x_wconf 85' lang='lat' dir='ltr'>Deor.</span> <span class='ocrx_word' id='word_1_44' title='bbox 1273 1024 1314 1062; x_wconf 83' lang='grc' dir='ltr'>ι.</span> <span class='ocrx_word' id='word_1_45' title='bbox 1342 1016 1423 1061; x_wconf 73' lang='grc' dir='ltr'>Ιυ.</span> 
     </span>
     <span class='ocr_line' id='line_1_9' title="bbox 350 1086 1420 1141; baseline -0.002 -2"><span class='ocrx_word' id='word_1_46' title='bbox 350 1094 368 1118; x_wconf 81' lang='lat'>⁸</span> <span class='ocrx_word' id='word_1_47' title='bbox 394 1086 557 1140; x_wconf 80' lang='lat' dir='ltr'>Quod</span> <span class='ocrx_word' id='word_1_48' title='bbox 577 1089 655 1138; x_wconf 85' lang='lat' dir='ltr'>ita</span> <span class='ocrx_word' id='word_1_49' title='bbox 672 1087 841 1139; x_wconf 81' lang='lat' dir='ltr'>multa</span> <span class='ocrx_word' id='word_1_50' title='bbox 872 1094 996 1139; x_wconf 88' lang='lat' dir='ltr'>sunt</span> <span class='ocrx_word' id='word_1_51' title='bbox 1024 1088 1349 1141; x_wconf 86' lang='lat' dir='ltr'>incommoda</span> <span class='ocrx_word' id='word_1_52' title='bbox 1367 1089 1420 1138; x_wconf 86' lang='lat' dir='ltr'>in</span> 
     </span>
     <span class='ocr_line' id='line_1_10' title="bbox 354 1158 1422 1228; baseline 0.002 -17"><span class='ocrx_word' id='word_1_53' title='bbox 354 1158 486 1228; x_wconf 78' lang='lat' dir='ltr'>vita,</span> <span class='ocrx_word' id='word_1_54' title='bbox 531 1172 590 1214; x_wconf 92' lang='lat' dir='ltr'>ut</span> <span class='ocrx_word' id='word_1_55' title='bbox 630 1179 693 1215; x_wconf 87' lang='lat' dir='ltr'>ea</span> <span class='ocrx_word' id='word_1_56' title='bbox 736 1165 1002 1228; x_wconf 86' lang='lat' dir='ltr'>sapientes</span> <span class='ocrx_word' id='word_1_57' title='bbox 1039 1164 1422 1216; x_wconf 86' lang='lat' dir='ltr'>commodorum</span> 
     </span>
     <span class='ocr_line' id='line_1_11' title="bbox 357 1241 1423 1305; baseline 0 -14"><span class='ocrx_word' id='word_1_58' title='bbox 357 1241 782 1304; x_wconf 68' lang='lat' dir='ltr'>compensatione</span> <span class='ocrx_word' id='word_1_59' title='bbox 805 1241 1043 1291; x_wconf 87' lang='lat' dir='ltr'>leniant.’</span> <span class='ocrx_word' id='word_1_60' title='bbox 1077 1243 1161 1292; x_wconf 87' lang='lat' dir='ltr'>Ex</span> <span class='ocrx_word' id='word_1_61' title='bbox 1183 1255 1287 1305; x_wconf 92' lang='lat' dir='ltr'>quo</span> <span class='ocrx_word' id='word_1_62' title='bbox 1306 1242 1423 1291; x_wconf 91' lang='lat' dir='ltr'>loco</span> 
     </span>
     <span class='ocr_line' id='line_1_12' title="bbox 354 1317 1424 1382; baseline 0.002 -16"><span class='ocrx_word' id='word_1_63' title='bbox 354 1329 538 1379; x_wconf 87' lang='lat' dir='ltr'>posset</span> <span class='ocrx_word' id='word_1_64' title='bbox 558 1318 757 1382; x_wconf 79' lang='lat' dir='ltr'>conjici</span> <span class='ocrx_word' id='word_1_65' title='bbox 778 1317 938 1368; x_wconf 86' lang='lat' dir='ltr'>etiam</span> <span class='ocrx_word' id='word_1_66' title='bbox 969 1319 1054 1371; x_wconf 85' lang='lat' dir='ltr'>bic</span> <span class='ocrx_word' id='word_1_67' title='bbox 1082 1319 1424 1369; x_wconf 68' lang='grc' dir='ltr'><strong><em>ἅιεοιιιιιιοάιαιι</em></strong></span> 
     </span>
     <span class='ocr_line' id='line_1_13' title="bbox 354 1394 1422 1458; baseline 0 -14"><span class='ocrx_word' id='word_1_68' title='bbox 354 1406 454 1456; x_wconf 80' lang='lat' dir='ltr'>pro</span> <span class='ocrx_word' id='word_1_69' title='bbox 487 1395 782 1456; x_wconf 59' lang='lat' dir='ltr'>immitam</span> <span class='ocrx_word' id='word_1_70' title='bbox 821 1403 1073 1458; x_wconf 78' lang='lat' dir='ltr'>oportere</span> <span class='ocrx_word' id='word_1_71' title='bbox 1110 1395 1289 1453; x_wconf 88' lang='lat' dir='ltr'>scribi,</span> <span class='ocrx_word' id='word_1_72' title='bbox 1325 1394 1422 1445; x_wconf 87' lang='lat' dir='ltr'>sed</span> 
     </span>
     <span class='ocr_line' id='line_1_14' title="bbox 353 1470 1423 1537; baseline 0.002 -18"><span class='ocrx_word' id='word_1_73' title='bbox 353 1471 469 1519; x_wconf 83' lang='lat' dir='ltr'>sine</span> <span class='ocrx_word' id='word_1_74' title='bbox 486 1473 819 1534; x_wconf 82' lang='lat' dir='ltr'>necessitate,</span> <span class='ocrx_word' id='word_1_75' title='bbox 835 1480 894 1521; x_wconf 86' lang='lat' dir='ltr'>nt</span> <span class='ocrx_word' id='word_1_76' title='bbox 911 1471 1035 1521; x_wconf 82' lang='lat' dir='ltr'>mihi</span> <span class='ocrx_word' id='word_1_77' title='bbox 1052 1471 1264 1537; x_wconf 88' lang='lat' dir='ltr'>quidem</span> <span class='ocrx_word' id='word_1_78' title='bbox 1282 1470 1423 1521; x_wconf 77' lang='lat' dir='ltr'>vide·</span> 
     </span>
     <span class='ocr_line' id='line_1_15' title="bbox 353 1546 1425 1611; baseline 0.002 -16"><span class='ocrx_word' id='word_1_79' title='bbox 353 1554 462 1595; x_wconf 80' lang='lat' dir='ltr'>tur.</span> <span class='ocrx_word' id='word_1_80' title='bbox 526 1546 771 1598; x_wconf 83' lang='lat' dir='ltr'>Sebottns</span> <span class='ocrx_word' id='word_1_81' title='bbox 792 1547 1055 1609; x_wconf 86' lang='lat' dir='ltr'>ediderat,</span> <span class='ocrx_word' id='word_1_82' title='bbox 1076 1548 1290 1605; x_wconf 74' lang='lat' dir='ltr'>Aliunde</span> <span class='ocrx_word' id='word_1_83' title='bbox 1308 1548 1425 1611; x_wconf 75' lang='lat' dir='ltr'>quid</span> 
     </span>
     <span class='ocr_line' id='line_1_16' title="bbox 352 1622 1423 1687; baseline 0.003 -16"><span class='ocrx_word' id='word_1_84' title='bbox 352 1622 623 1673; x_wconf 61' lang='lat' dir='ltr'>hominibus</span> <span class='ocrx_word' id='word_1_85' title='bbox 653 1623 954 1685; x_wconf 70' lang='grc' dir='ltr'>ιἰοοςιίιιιιιι</span> <span class='ocrx_word' id='word_1_86' title='bbox 987 1638 1045 1673; x_wconf 80' lang='lat' dir='ltr'>eu</span> <span class='ocrx_word' id='word_1_87' title='bbox 1083 1624 1210 1674; x_wconf 67' lang='lat' dir='ltr'>nala</span> <span class='ocrx_word' id='word_1_88' title='bbox 1237 1623 1423 1687; x_wconf 64' lang='lat' dir='ltr'>gig-sit.</span> 
     </span>
     <span class='ocr_line' id='line_1_17' title="bbox 353 1698 543 1749; baseline 0 0"><span class='ocrx_word' id='word_1_89' title='bbox 353 1698 543 1749; x_wconf 78' lang='lat' dir='ltr'>Arntx.</span> 
     </span>
    </p>

    <p class='ocr_par' dir='ltr' id='par_1_3' title="bbox 352 1775 1423 2129">
     <span class='ocr_line' id='line_1_18' title="bbox 422 1775 1423 1841; baseline 0.002 -16"><span class='ocrx_word' id='word_1_90' title='bbox 422 1776 485 1825; x_wconf 81' lang='lat' dir='ltr'>L.</span> <span class='ocrx_word' id='word_1_91' title='bbox 497 1775 713 1825; x_wconf 66' lang='grc' dir='ltr'>Διιάιιιιι</span> <span class='ocrx_word' id='word_1_92' title='bbox 731 1776 929 1841; x_wconf 70' lang='lat' dir='ltr'>Vm]</span> <span class='ocrx_word' id='word_1_93' title='bbox 942 1775 1267 1841; x_wconf 87' lang='lat' dir='ltr'>Capitolinus</span> <span class='ocrx_word' id='word_1_94' title='bbox 1284 1790 1423 1827; x_wconf 83' lang='lat' dir='ltr'>nnnc</span> 
     </span>
     <span class='ocr_line' id='line_1_19' title="bbox 352 1850 1422 1909; baseline 0 -7"><span class='ocrx_word' id='word_1_95' title='bbox 352 1852 371 1878; x_wconf 79' lang='lat'>⁸</span> <span class='ocrx_word' id='word_1_96' title='bbox 406 1852 468 1902; x_wconf 76' lang='lat' dir='ltr'>Ia.</span> <span class='ocrx_word' id='word_1_97' title='bbox 500 1851 771 1902; x_wconf 85' lang='lat' dir='ltr'>Aurelium</span> <span class='ocrx_word' id='word_1_98' title='bbox 808 1853 1009 1902; x_wconf 87' lang='lat' dir='ltr'>Verum</span> <span class='ocrx_word' id='word_1_99' title='bbox 1048 1850 1422 1909; x_wconf 83' lang='lat' dir='ltr'>Commodum,&#39;</span> 
     </span>
     <span class='ocr_line' id='line_1_20' title="bbox 352 1928 1423 1988; baseline 0.002 -12"><span class='ocrx_word' id='word_1_100' title='bbox 352 1941 495 1977; x_wconf 85' lang='lat' dir='ltr'>nunc</span> <span class='ocrx_word' id='word_1_101' title='bbox 519 1934 536 1956; x_wconf 81' lang='lat'><strong>⁴</strong></span> <span class='ocrx_word' id='word_1_102' title='bbox 552 1928 613 1978; x_wconf 78' lang='lat'>1..</span> <span class='ocrx_word' id='word_1_103' title='bbox 635 1928 821 1978; x_wconf 77' lang='lat' dir='ltr'>AElium</span> <span class='ocrx_word' id='word_1_104' title='bbox 841 1928 856 1950; x_wconf 84' lang='lat'><em>&#39;</em></span> <span class='ocrx_word' id='word_1_105' title='bbox 878 1936 1068 1988; x_wconf 81' lang='lat' dir='ltr'>vocat;</span> <span class='ocrx_word' id='word_1_106' title='bbox 1103 1928 1167 1978; x_wconf 82' lang='lat' dir='ltr'>L.</span> <span class='ocrx_word' id='word_1_107' title='bbox 1184 1928 1423 1978; x_wconf 67' lang='lat' dir='ltr'>Anam</span> 
     </span>
     <span class='ocr_line' id='line_1_21' title="bbox 363 2002 1421 2068; baseline -0.001 -14"><span class='ocrx_word' id='word_1_108' title='bbox 363 2005 547 2054; x_wconf 73' lang='lat' dir='ltr'>Veram</span> <span class='ocrx_word' id='word_1_109' title='bbox 599 2002 914 2055; x_wconf 70' lang='lat' dir='ltr'>Veronensis</span> <span class='ocrx_word' id='word_1_110' title='bbox 967 2003 1102 2055; x_wconf 89' lang='lat' dir='ltr'>liber</span> <span class='ocrx_word' id='word_1_111' title='bbox 1150 2004 1421 2068; x_wconf 65' lang='lat' dir='ltr'>appellat.</span> 
     </span>
     <span class='ocr_line' id='line_1_22' title="bbox 353 2079 549 2129; baseline 0 -1"><span class='ocrx_word' id='word_1_112' title='bbox 353 2079 549 2129; x_wconf 65' lang='lat' dir='ltr'>Scholi-</span> 
     </span>
    </p>

    <p class='ocr_par' dir='ltr' id='par_1_4' title="bbox 351 2152 1427 4360">
     <span class='ocr_line' id='line_1_23' title="bbox 424 2152 1423 2218; baseline 0.001 -14"><span class='ocrx_word' id='word_1_113' title='bbox 424 2156 536 2204; x_wconf 70' lang='lat' dir='ltr'>Ictu</span> <span class='ocrx_word' id='word_1_114' title='bbox 565 2154 814 2216; x_wconf 67' lang='lat' dir='ltr'>mertinis</span> <span class='ocrx_word' id='word_1_115' title='bbox 846 2168 983 2218; x_wconf 78' lang='lat' dir='ltr'>quem</span> <span class='ocrx_word' id='word_1_116' title='bbox 1011 2152 1223 2202; x_wconf 70' lang='lat' dir='ltr'>morbum</span> <span class='ocrx_word' id='word_1_117' title='bbox 1256 2154 1423 2205; x_wconf 73' lang='lat' dir='ltr'>Greci</span> 
     </span>
     <span class='ocr_line' id='line_1_24' title="bbox 351 2230 1420 2296; baseline -0.001 -14"><span class='ocrx_word' id='word_1_118' title='bbox 351 2230 625 2295; x_wconf 69' lang='grc' dir='ltr'><strong><em>ἂπόπληξιν</em></strong></span> <span class='ocrx_word' id='word_1_119' title='bbox 656 2231 851 2296; x_wconf 71' lang='lat' dir='ltr'>exeat]</span> <span class='ocrx_word' id='word_1_120' title='bbox 888 2231 973 2281; x_wconf 86' lang='lat' dir='ltr'>Ab</span> <span class='ocrx_word' id='word_1_121' title='bbox 1014 2231 1270 2294; x_wconf 86' lang='lat' dir='ltr'>Eutropio</span> <span class='ocrx_word' id='word_1_122' title='bbox 1310 2246 1420 2293; x_wconf 66' lang='lat' dir='ltr'>mn·⁴</span> 
     </span>
     <span class='ocr_line' id='line_1_25' title="bbox 355 2309 1425 2373; baseline -0.001 -13"><span class='ocrx_word' id='word_1_123' title='bbox 355 2317 538 2360; x_wconf 82' lang='lat' dir='ltr'>tnatus</span> <span class='ocrx_word' id='word_1_124' title='bbox 583 2309 731 2370; x_wconf 75' lang='lat' dir='ltr'>baec3</span> <span class='ocrx_word' id='word_1_125' title='bbox 777 2323 892 2373; x_wconf 65' lang='lat' dir='ltr'>qun</span> <span class='ocrx_word' id='word_1_126' title='bbox 937 2322 1090 2372; x_wconf 90' lang='lat' dir='ltr'>quam</span> <span class='ocrx_word' id='word_1_127' title='bbox 1134 2322 1258 2357; x_wconf 78' lang='lat' dir='ltr'>vera</span> <span class='ocrx_word' id='word_1_128' title='bbox 1298 2310 1425 2367; x_wconf 87' lang='lat' dir='ltr'>sint,</span> 
     </span>
     <span class='ocr_line' id='line_1_26' title="bbox 351 2382 1422 2443; baseline 0.001 -9"><span class='ocrx_word' id='word_1_129' title='bbox 351 2385 553 2436; x_wconf 80' lang='lat' dir='ltr'>viderit</span> <span class='ocrx_word' id='word_1_130' title='bbox 573 2385 631 2435; x_wconf 61' lang='grc' dir='ltr'>ὃς</span> <span class='ocrx_word' id='word_1_131' title='bbox 651 2385 718 2435; x_wconf 85' lang='grc' dir='ltr'>Ρ.</span> <span class='ocrx_word' id='word_1_132' title='bbox 745 2384 813 2435; x_wconf 79' lang='lat' dir='ltr'>Q.</span> <span class='ocrx_word' id='word_1_133' title='bbox 834 2382 1110 2443; x_wconf 69' lang='lat' dir='ltr'>Medicus,</span> <span class='ocrx_word' id='word_1_134' title='bbox 1145 2397 1262 2433; x_wconf 88' lang='lat' dir='ltr'>nam</span> <span class='ocrx_word' id='word_1_135' title='bbox 1298 2386 1422 2435; x_wconf 84' lang='lat' dir='ltr'>mihi</span> 
     </span>
     <span class='ocr_line' id='line_1_27' title="bbox 355 2459 1427 2524; baseline -0.001 -14"><span class='ocrx_word' id='word_1_136' title='bbox 355 2460 523 2510; x_wconf 74' lang='lat' dir='ltr'>N0L.</span> <span class='ocrx_word' id='word_1_137' title='bbox 561 2459 802 2524; x_wconf 79' lang='lat' dir='ltr'>Amplius</span> <span class='ocrx_word' id='word_1_138' title='bbox 824 2459 985 2524; x_wconf 77' lang='lat' dir='ltr'>igitur</span> <span class='ocrx_word' id='word_1_139' title='bbox 1002 2459 1298 2522; x_wconf 87' lang='lat' dir='ltr'>pronuntio.</span> <span class='ocrx_word' id='word_1_140' title='bbox 1363 2459 1427 2509; x_wconf 71' lang='lat' dir='ltr'>st</span> 
     </span>
     <span class='ocr_line' id='line_1_28' title="bbox 355 2537 1423 2602; baseline -0.001 -16"><span class='ocrx_word' id='word_1_141' title='bbox 355 2538 476 2602; x_wconf 85' lang='lat' dir='ltr'>quis</span> <span class='ocrx_word' id='word_1_142' title='bbox 524 2539 846 2601; x_wconf 79' lang='lat' dir='ltr'>conjecturae</span> <span class='ocrx_word' id='word_1_143' title='bbox 889 2537 1052 2595; x_wconf 86' lang='lat' dir='ltr'>locus,</span> <span class='ocrx_word' id='word_1_144' title='bbox 1083 2537 1184 2586; x_wconf 75' lang='lat' dir='ltr'>ictu</span> <span class='ocrx_word' id='word_1_145' title='bbox 1224 2537 1423 2599; x_wconf 64' lang='lat' dir='ltr'>maeui-</span> 
     </span>
     <span class='ocr_line' id='line_1_29' title="bbox 354 2612 1424 2677; baseline 0 -15"><span class='ocrx_word' id='word_1_146' title='bbox 354 2613 438 2662; x_wconf 72' lang='lat' dir='ltr'>nis</span> <span class='ocrx_word' id='word_1_147' title='bbox 468 2627 740 2677; x_wconf 85' lang='lat' dir='ltr'>superesse</span> <span class='ocrx_word' id='word_1_148' title='bbox 774 2612 1003 2671; x_wconf 77' lang='lat' dir='ltr'>videtur,</span> <span class='ocrx_word' id='word_1_149' title='bbox 1042 2612 1424 2677; x_wconf 72' lang='lat' dir='ltr'>legendumque</span> 
     </span>
     <span class='ocr_line' id='line_1_30' title="bbox 353 2686 1422 2754; baseline -0.001 -15"><span class='ocrx_word' id='word_1_150' title='bbox 353 2690 518 2739; x_wconf 65' lang='lat' dir='ltr'>asorbo</span> <span class='ocrx_word' id='word_1_151' title='bbox 552 2705 690 2754; x_wconf 73' lang='lat' dir='ltr'>quem</span> <span class='ocrx_word' id='word_1_152' title='bbox 734 2689 900 2739; x_wconf 82' lang='lat' dir='ltr'>Groeci</span> <span class='ocrx_word' id='word_1_153' title='bbox 937 2686 1202 2751; x_wconf 69' lang='grc' dir='ltr'><strong><em>ἀπόπληειν</em></strong></span> <span class='ocrx_word' id='word_1_154' title='bbox 1233 2686 1422 2753; x_wconf 86' lang='lat' dir='ltr'>(Vero-</span> 
     </span>
     <span class='ocr_line' id='line_1_31' title="bbox 353 2764 1423 2830; baseline -0.001 -14"><span class='ocrx_word' id='word_1_155' title='bbox 353 2766 536 2816; x_wconf 84' lang='lat' dir='ltr'>nensis</span> <span class='ocrx_word' id='word_1_156' title='bbox 574 2764 899 2830; x_wconf 67' lang='grc' dir='ltr'>ἀποπληξίαν)</span> <span class='ocrx_word' id='word_1_157' title='bbox 934 2772 1121 2816; x_wconf 68' lang='lat' dir='ltr'>mant.</span> <span class='ocrx_word' id='word_1_158' title='bbox 1186 2766 1274 2816; x_wconf 85' lang='lat' dir='ltr'>Sic</span> <span class='ocrx_word' id='word_1_159' title='bbox 1309 2764 1423 2815; x_wconf 81' lang='lat' dir='ltr'>fere</span> 
     </span>
     <span class='ocr_line' id='line_1_32' title="bbox 355 2842 1424 2907; baseline -0.003 -14"><span class='ocrx_word' id='word_1_160' title='bbox 355 2858 431 2893; x_wconf 81' lang='lat' dir='ltr'>ex</span> <span class='ocrx_word' id='word_1_161' title='bbox 453 2843 726 2907; x_wconf 86' lang='lat' dir='ltr'>Eutropio,</span> <span class='ocrx_word' id='word_1_162' title='bbox 762 2842 982 2893; x_wconf 84' lang='lat' dir='ltr'>Orosius</span> <span class='ocrx_word' id='word_1_163' title='bbox 1006 2854 1108 2891; x_wconf 85' lang='lat' dir='ltr'>vn.</span> <span class='ocrx_word' id='word_1_164' title='bbox 1132 2845 1215 2892; x_wconf 78' lang='lat'>16.</span> <span class='ocrx_word' id='word_1_165' title='bbox 1256 2849 1273 2873; x_wconf 83' lang='lat'>‘</span> <span class='ocrx_word' id='word_1_166' title='bbox 1299 2856 1424 2892; x_wconf 86' lang='lat' dir='ltr'>casn</span> 
     </span>
     <span class='ocr_line' id='line_1_33' title="bbox 354 2914 1422 2986; baseline -0.002 -15"><span class='ocrx_word' id='word_1_167' title='bbox 354 2920 533 2973; x_wconf 77' lang='lat' dir='ltr'>morbi</span> <span class='ocrx_word' id='word_1_168' title='bbox 575 2914 728 2986; x_wconf 78' lang='lat' dir='ltr'>quem</span> <span class='ocrx_word' id='word_1_169' title='bbox 769 2920 1077 2984; x_wconf 83' lang='lat' dir='ltr'>apoplexian</span> <span class='ocrx_word' id='word_1_170' title='bbox 1118 2918 1297 2970; x_wconf 71' lang='lat' dir='ltr'>Graeoi</span> <span class='ocrx_word' id='word_1_171' title='bbox 1334 2933 1422 2969; x_wconf 78' lang='lat' dir='ltr'>vo·</span> 
     </span>
     <span class='ocr_line' id='line_1_34' title="bbox 356 2995 1423 3054; baseline -0.004 -6"><span class='ocrx_word' id='word_1_172' title='bbox 356 3004 505 3054; x_wconf 80' lang='lat' dir='ltr'>cant,</span> <span class='ocrx_word' id='word_1_173' title='bbox 528 2995 811 3048; x_wconf 81' lang='lat' dir='ltr'>suffocatus</span> <span class='ocrx_word' id='word_1_174' title='bbox 833 2996 1064 3047; x_wconf 56' lang='lat' dir='ltr'>interiit)</span> <span class='ocrx_word' id='word_1_175' title='bbox 1127 2997 1209 3046; x_wconf 83' lang='lat' dir='ltr'>De</span> <span class='ocrx_word' id='word_1_176' title='bbox 1231 2996 1423 3053; x_wconf 71' lang='lat' dir='ltr'>Valen-</span> 
     </span>
     <span class='ocr_line' id='line_1_35' title="bbox 357 3070 1423 3136; baseline -0.004 -13"><span class='ocrx_word' id='word_1_177' title='bbox 357 3073 551 3123; x_wconf 83' lang='lat' dir='ltr'>tiniani</span> <span class='ocrx_word' id='word_1_178' title='bbox 596 3073 815 3123; x_wconf 89' lang='lat' dir='ltr'>interitu</span> <span class='ocrx_word' id='word_1_179' title='bbox 867 3072 1034 3123; x_wconf 84' lang='lat' dir='ltr'>simile</span> <span class='ocrx_word' id='word_1_180' title='bbox 1088 3070 1213 3136; x_wconf 84' lang='lat' dir='ltr'>qnid</span> <span class='ocrx_word' id='word_1_181' title='bbox 1256 3073 1423 3122; x_wconf 82' lang='lat' dir='ltr'>Divus</span> 
     </span>
     <span class='ocr_line' id='line_1_36' title="bbox 354 3146 1423 3214; baseline -0.005 -14"><span class='ocrx_word' id='word_1_182' title='bbox 354 3149 710 3214; x_wconf 75' lang='lat' dir='ltr'>Hieronymus</span> <span class='ocrx_word' id='word_1_183' title='bbox 751 3148 1042 3200; x_wconf 79' lang='lat' dir='ltr'>chronicis.</span> <span class='ocrx_word' id='word_1_184' title='bbox 1121 3148 1243 3198; x_wconf 86' lang='lat' dir='ltr'>Nisi</span> <span class='ocrx_word' id='word_1_185' title='bbox 1281 3146 1423 3196; x_wconf 80' lang='lat' dir='ltr'>forte</span> 
     </span>
     <span class='ocr_line' id='line_1_37' title="bbox 356 3222 1422 3292; baseline -0.003 -17"><span class='ocrx_word' id='word_1_186' title='bbox 356 3239 665 3292; x_wconf 78' lang='lat' dir='ltr'>persuasum</span> <span class='ocrx_word' id='word_1_187' title='bbox 712 3225 968 3289; x_wconf 69' lang='lat' dir='ltr'>Epitomoe</span> <span class='ocrx_word' id='word_1_188' title='bbox 1018 3224 1239 3280; x_wconf 89' lang='lat' dir='ltr'>auctori,</span> <span class='ocrx_word' id='word_1_189' title='bbox 1283 3222 1422 3287; x_wconf 90' lang='lat' dir='ltr'>quod</span> 
     </span>
     <span class='ocr_line' id='line_1_38' title="bbox 357 3300 1422 3366; baseline -0.003 -15"><span class='ocrx_word' id='word_1_190' title='bbox 357 3303 533 3366; x_wconf 70' lang='lat' dir='ltr'>vulgo,</span> <span class='ocrx_word' id='word_1_191' title='bbox 550 3316 665 3353; x_wconf 87' lang='lat' dir='ltr'>cnm</span> <span class='ocrx_word' id='word_1_192' title='bbox 688 3301 801 3366; x_wconf 86' lang='lat' dir='ltr'>quis</span> <span class='ocrx_word' id='word_1_193' title='bbox 823 3300 1098 3365; x_wconf 87' lang='lat' dir='ltr'>repentina</span> <span class='ocrx_word' id='word_1_194' title='bbox 1119 3305 1286 3350; x_wconf 88' lang='lat' dir='ltr'>morte</span> <span class='ocrx_word' id='word_1_195' title='bbox 1308 3313 1422 3349; x_wconf 89' lang='lat' dir='ltr'>cor-</span> 
     </span>
     <span class='ocr_line' id='line_1_39' title="bbox 356 3375 1422 3441; baseline -0.001 -14"><span class='ocrx_word' id='word_1_196' title='bbox 356 3379 488 3441; x_wconf 82' lang='lat' dir='ltr'>ruit,</span> <span class='ocrx_word' id='word_1_197' title='bbox 530 3378 740 3429; x_wconf 82' lang='lat' dir='ltr'>evenire</span> <span class='ocrx_word' id='word_1_198' title='bbox 795 3377 848 3426; x_wconf 90' lang='lat' dir='ltr'>id</span> <span class='ocrx_word' id='word_1_199' title='bbox 894 3384 1044 3440; x_wconf 72' lang='lat' dir='ltr'>gutta</span> <span class='ocrx_word' id='word_1_200' title='bbox 1081 3375 1347 3439; x_wconf 62' lang='lat' dir='ltr'>sanguinis</span> <span class='ocrx_word' id='word_1_201' title='bbox 1389 3389 1422 3426; x_wconf 87' lang='lat' dir='ltr'>e</span> 
     </span>
     <span class='ocr_line' id='line_1_40' title="bbox 355 3452 1423 3516; baseline -0.005 -11"><span class='ocrx_word' id='word_1_202' title='bbox 355 3454 539 3515; x_wconf 83' lang='lat' dir='ltr'>capite</span> <span class='ocrx_word' id='word_1_203' title='bbox 559 3454 613 3502; x_wconf 85' lang='lat' dir='ltr'>in</span> <span class='ocrx_word' id='word_1_204' title='bbox 637 3467 728 3502; x_wconf 87' lang='lat' dir='ltr'>cor</span> <span class='ocrx_word' id='word_1_205' title='bbox 748 3453 926 3502; x_wconf 88' lang='lat' dir='ltr'>delata</span> <span class='ocrx_word' id='word_1_206' title='bbox 943 3468 967 3503; x_wconf 75' lang='lat' dir='ltr'>z.</span> <span class='ocrx_word' id='word_1_207' title='bbox 983 3452 1206 3516; x_wconf 86' lang='lat' dir='ltr'>ideoque</span> <span class='ocrx_word' id='word_1_208' title='bbox 1226 3453 1243 3480; x_wconf 88' lang='lat'>‘</span> <span class='ocrx_word' id='word_1_209' title='bbox 1260 3452 1423 3501; x_wconf 84' lang='lat' dir='ltr'>ictum</span> 
     </span>
     <span class='ocr_line' id='line_1_41' title="bbox 355 3528 1422 3592; baseline -0.002 -14"><span class='ocrx_word' id='word_1_210' title='bbox 355 3528 626 3592; x_wconf 72' lang='lat' dir='ltr'>sanguinis</span> <span class='ocrx_word' id='word_1_211' title='bbox 640 3528 654 3550; x_wconf 90' lang='grc'><strong>’</strong></span> <span class='ocrx_word' id='word_1_212' title='bbox 675 3542 906 3577; x_wconf 80' lang='lat' dir='ltr'>vocasse.</span> <span class='ocrx_word' id='word_1_213' title='bbox 963 3528 1287 3592; x_wconf 84' lang='lat' dir='ltr'>Capitolinus</span> <span class='ocrx_word' id='word_1_214' title='bbox 1309 3542 1422 3577; x_wconf 89' lang='lat' dir='ltr'>cer·</span> 
     </span>
     <span class='ocr_line' id='line_1_42' title="bbox 354 3604 1424 3668; baseline -0.002 -14"><span class='ocrx_word' id='word_1_215' title='bbox 354 3612 414 3654; x_wconf 87' lang='lat' dir='ltr'>te</span> <span class='ocrx_word' id='word_1_216' title='bbox 458 3604 699 3656; x_wconf 86' lang='lat' dir='ltr'>detracto</span> <span class='ocrx_word' id='word_1_217' title='bbox 742 3604 995 3668; x_wconf 76' lang='lat' dir='ltr'>sanguine</span> <span class='ocrx_word' id='word_1_218' title='bbox 1032 3604 1265 3654; x_wconf 87' lang='lat' dir='ltr'>Altinum</span> <span class='ocrx_word' id='word_1_219' title='bbox 1306 3619 1424 3667; x_wconf 81' lang='lat' dir='ltr'>per-</span> 
     </span>
     <span class='ocr_line' id='line_1_43' title="bbox 356 3671 1423 3746; baseline -0.001 -16"><span class='ocrx_word' id='word_1_220' title='bbox 356 3682 598 3742; x_wconf 84' lang='lat' dir='ltr'>ductum,</span> <span class='ocrx_word' id='word_1_221' title='bbox 655 3679 932 3746; x_wconf 76' lang='lat' dir='ltr'>triduoque</span> <span class='ocrx_word' id='word_1_222' title='bbox 986 3687 1185 3729; x_wconf 88' lang='lat' dir='ltr'>mutum</span> <span class='ocrx_word' id='word_1_223' title='bbox 1227 3671 1423 3729; x_wconf 67' lang='lat' dir='ltr'>&#39;tvixisse</span> 
     </span>
     <span class='ocr_line' id='line_1_44' title="bbox 356 3754 1423 3820; baseline 0 -14"><span class='ocrx_word' id='word_1_224' title='bbox 356 3765 546 3807; x_wconf 78' lang='lat' dir='ltr'>auctor</span> <span class='ocrx_word' id='word_1_225' title='bbox 565 3764 665 3806; x_wconf 85' lang='lat' dir='ltr'>est.</span> <span class='ocrx_word' id='word_1_226' title='bbox 715 3754 1015 3818; x_wconf 62' lang='lat' dir='ltr'>’Atos-Antio</span> <span class='ocrx_word' id='word_1_227' title='bbox 1035 3764 1221 3820; x_wconf 86' lang='lat' dir='ltr'>stupor</span> <span class='ocrx_word' id='word_1_228' title='bbox 1240 3770 1423 3819; x_wconf 86' lang='lat' dir='ltr'>corpo·-</span> 
     </span>
     <span class='ocr_line' id='line_1_45' title="bbox 354 3834 1425 3898; baseline -0.002 -13"><span class='ocrx_word' id='word_1_229' title='bbox 354 3836 433 3885; x_wconf 85' lang='lat' dir='ltr'>ris</span> <span class='ocrx_word' id='word_1_230' title='bbox 489 3834 778 3898; x_wconf 87' lang='lat' dir='ltr'>mentisque</span> <span class='ocrx_word' id='word_1_231' title='bbox 829 3835 1049 3883; x_wconf 82' lang='lat' dir='ltr'>vertitur</span> <span class='ocrx_word' id='word_1_232' title='bbox 1094 3840 1151 3883; x_wconf 90' lang='lat' dir='ltr'>et</span> <span class='ocrx_word' id='word_1_233' title='bbox 1194 3834 1425 3898; x_wconf 72' lang='lat' dir='ltr'>languor.</span> 
     </span>
     <span class='ocr_line' id='line_1_46' title="bbox 355 3906 1425 3979; baseline -0.003 -18"><span class='ocrx_word' id='word_1_234' title='bbox 355 3908 566 3962; x_wconf 81' lang='lat' dir='ltr'>Galeno</span> <span class='ocrx_word' id='word_1_235' title='bbox 604 3918 780 3960; x_wconf 82' lang='lat' dir='ltr'>autem</span> <span class='ocrx_word' id='word_1_236' title='bbox 836 3906 970 3960; x_wconf 87' lang='lat' dir='ltr'>libro</span> <span class='ocrx_word' id='word_1_237' title='bbox 1022 3908 1425 3979; x_wconf 73' lang='lat' dir='ltr'>Definitionum,</span> 
     </span>
     <span class='ocr_line' id='line_1_47' title="bbox 355 3985 1426 4047; baseline -0.002 -10"><span class='ocrx_word' id='word_1_238' title='bbox 355 3987 469 4037; x_wconf 69' lang='grc' dir='ltr'>ἔστι</span> <span class='ocrx_word' id='word_1_239' title='bbox 505 3987 695 4047; x_wconf 73' lang='grc' dir='ltr'><strong><em>κατοχὴ</em></strong></span> <span class='ocrx_word' id='word_1_240' title='bbox 731 3985 937 4037; x_wconf 66' lang='grc' dir='ltr'>διανοίας</span> <span class='ocrx_word' id='word_1_241' title='bbox 967 3985 1092 4047; x_wconf 68' lang='grc' dir='ltr'>μετὰ</span> <span class='ocrx_word' id='word_1_242' title='bbox 1119 3985 1426 4046; x_wconf 64' lang='grc' dir='ltr'>ἀναισθησίας</span> 
     </span>
     <span class='ocr_line' id='line_1_48' title="bbox 356 4063 1423 4127; baseline -0.002 -14"><span class='ocrx_word' id='word_1_243' title='bbox 356 4064 441 4114; x_wconf 75' lang='grc' dir='ltr'>καὶ</span> <span class='ocrx_word' id='word_1_244' title='bbox 471 4063 710 4127; x_wconf 66' lang='lat' dir='ltr'>rupicem</span> <span class='ocrx_word' id='word_1_245' title='bbox 739 4065 828 4113; x_wconf 77' lang='grc' dir='ltr'>τοῦ</span> <span class='ocrx_word' id='word_1_246' title='bbox 855 4063 1092 4123; x_wconf 67' lang='grc' dir='ltr'>σώματος.</span> <span class='ocrx_word' id='word_1_247' title='bbox 1155 4063 1259 4115; x_wconf 85' lang='lat' dir='ltr'>Qui</span> <span class='ocrx_word' id='word_1_248' title='bbox 1283 4071 1341 4112; x_wconf 83' lang='lat' dir='ltr'>et</span> <span class='ocrx_word' id='word_1_249' title='bbox 1361 4064 1423 4112; x_wconf 81' lang='lat' dir='ltr'>li-</span> 
     </span>
     <span class='ocr_line' id='line_1_49' title="bbox 356 4139 1425 4205; baseline 0 -16"><span class='ocrx_word' id='word_1_250' title='bbox 356 4142 458 4190; x_wconf 85' lang='lat' dir='ltr'>bro</span> <span class='ocrx_word' id='word_1_251' title='bbox 478 4139 587 4205; x_wconf 71' lang='lat' dir='ltr'>aespl</span> <span class='ocrx_word' id='word_1_252' title='bbox 606 4140 946 4205; x_wconf 68' lang='grc' dir='ltr'>προγινώσκειν</span> <span class='ocrx_word' id='word_1_253' title='bbox 967 4139 1176 4205; x_wconf 87' lang='lat' dir='ltr'>copiose</span> <span class='ocrx_word' id='word_1_254' title='bbox 1199 4139 1266 4188; x_wconf 89' lang='lat' dir='ltr'>de</span> <span class='ocrx_word' id='word_1_255' title='bbox 1289 4153 1425 4189; x_wconf 82' lang='lat' dir='ltr'>mor·</span> 
     </span>
     <span class='ocr_line' id='line_1_50' title="bbox 356 4216 1423 4269; baseline 0.002 -4"><span class='ocrx_word' id='word_1_256' title='bbox 356 4216 415 4266; x_wconf 80' lang='lat' dir='ltr'>te&#39;</span> <span class='ocrx_word' id='word_1_257' title='bbox 450 4217 514 4267; x_wconf 79' lang='lat' dir='ltr'>L.</span> <span class='ocrx_word' id='word_1_258' title='bbox 549 4217 695 4268; x_wconf 86' lang='lat' dir='ltr'>Veri.</span> <span class='ocrx_word' id='word_1_259' title='bbox 730 4217 976 4269; x_wconf 55' lang='lat' dir='ltr'>Senonas.</span> <span class='ocrx_word' id='word_1_260' title='bbox 1059 4216 1218 4267; x_wconf 86' lang='lat' dir='ltr'>Hunc</span> <span class='ocrx_word' id='word_1_261' title='bbox 1252 4218 1423 4267; x_wconf 86' lang='lat' dir='ltr'>locum</span> 
     </span>
     <span class='ocr_line' id='line_1_51' title="bbox 356 4294 1425 4360; baseline 0.001 -15"><span class='ocrx_word' id='word_1_262' title='bbox 356 4308 636 4360; x_wconf 74' lang='lat' dir='ltr'>perperam</span> <span class='ocrx_word' id='word_1_263' title='bbox 658 4295 905 4347; x_wconf 84' lang='lat' dir='ltr'>sollicitat</span> <span class='ocrx_word' id='word_1_264' title='bbox 927 4294 1009 4346; x_wconf 78' lang='lat' dir='ltr'>vir</span> <span class='ocrx_word' id='word_1_265' title='bbox 1023 4294 1280 4346; x_wconf 87' lang='lat' dir='ltr'>eruditus.</span> <span class='ocrx_word' id='word_1_266' title='bbox 1320 4295 1425 4346; x_wconf 85' lang='lat' dir='ltr'>Eu·</span> 
     </span>
    </p>
   </div>
   <div class='ocr_carea' id='block_1_3' title="bbox 2423 394 2557 461">
    <p class='ocr_par' dir='ltr' id='par_1_5' title="bbox 2423 394 2557 461">
     <span class='ocr_line' id='line_1_52' title="bbox 2423 394 2557 461; baseline -0.007 0"><span class='ocrx_word' id='word_1_267' title='bbox 2423 394 2557 461; x_wconf 79' lang='lat'>813</span> 
     </span>
    </p>
   </div>
   <div class='ocr_carea' id='block_1_4' title="bbox 1492 552 2632 4358">
    <p class='ocr_par' dir='ltr' id='par_1_6' title="bbox 1492 552 2632 4358">
     <span class='ocr_line' id='line_1_53' title="bbox 1497 552 2556 616; baseline 0.001 -14"><span class='ocrx_word' id='word_1_268' title='bbox 1497 552 1696 616; x_wconf 84' lang='lat' dir='ltr'>tropins</span> <span class='ocrx_word' id='word_1_269' title='bbox 1729 554 1865 602; x_wconf 87' lang='lat' dir='ltr'>unde</span> <span class='ocrx_word' id='word_1_270' title='bbox 1915 553 2153 616; x_wconf 85' lang='lat' dir='ltr'>sumpsit.</span> <span class='ocrx_word' id='word_1_271' title='bbox 2186 560 2202 585; x_wconf 79' lang='lat'>⁶</span> <span class='ocrx_word' id='word_1_272' title='bbox 2223 552 2401 603; x_wconf 86' lang='lat' dir='ltr'>subito</span> <span class='ocrx_word' id='word_1_273' title='bbox 2437 568 2556 603; x_wconf 84' lang='lat' dir='ltr'>san-</span> 
     </span>
     <span class='ocr_line' id='line_1_54' title="bbox 1497 628 2557 692; baseline 0.002 -16"><span class='ocrx_word' id='word_1_274' title='bbox 1497 629 1655 690; x_wconf 71' lang='lat' dir='ltr'>guine</span> <span class='ocrx_word' id='word_1_275' title='bbox 1678 630 1833 691; x_wconf 86' lang='lat' dir='ltr'>ictus,</span> <span class='ocrx_word' id='word_1_276' title='bbox 1858 643 1982 678; x_wconf 85' lang='lat' dir='ltr'>casu</span> <span class='ocrx_word' id='word_1_277' title='bbox 2005 628 2193 684; x_wconf 83' lang='lat' dir='ltr'>morbi,</span> <span class='ocrx_word' id='word_1_278' title='bbox 2208 643 2358 692; x_wconf 87' lang='lat' dir='ltr'>quem</span> <span class='ocrx_word' id='word_1_279' title='bbox 2376 629 2557 681; x_wconf 61' lang='lat' dir='ltr'>Greci</span> 
     </span>
     <span class='ocr_line' id='line_1_55' title="bbox 1496 705 2559 769; baseline 0 -14"><span class='ocrx_word' id='word_1_280' title='bbox 1496 706 1773 769; x_wconf 70' lang='lat' dir='ltr'>apoplexin</span> <span class='ocrx_word' id='word_1_281' title='bbox 1813 706 2035 755; x_wconf 62' lang='lat' dir='ltr'>vocant?</span> <span class='ocrx_word' id='word_1_282' title='bbox 2098 705 2253 757; x_wconf 85' lang='lat' dir='ltr'>Quod</span> <span class='ocrx_word' id='word_1_283' title='bbox 2291 719 2413 754; x_wconf 74' lang='lat' dir='ltr'>vero</span> <span class='ocrx_word' id='word_1_284' title='bbox 2443 707 2460 734; x_wconf 89' lang='lat'>‘</span> <span class='ocrx_word' id='word_1_285' title='bbox 2484 705 2559 755; x_wconf 85' lang='lat' dir='ltr'>ie·</span> 
     </span>
     <span class='ocr_line' id='line_1_56' title="bbox 1497 780 2559 847; baseline -0.002 -16"><span class='ocrx_word' id='word_1_286' title='bbox 1497 790 1608 831; x_wconf 74' lang='lat' dir='ltr'>snm</span> <span class='ocrx_word' id='word_1_287' title='bbox 1629 782 1890 847; x_wconf 71' lang='lat' dir='ltr'>sanguinis</span> <span class='ocrx_word' id='word_1_288' title='bbox 1906 781 1921 804; x_wconf 88' lang='lat'>’</span> <span class='ocrx_word' id='word_1_289' title='bbox 1941 782 2026 831; x_wconf 75' lang='lat' dir='ltr'>liic</span> <span class='ocrx_word' id='word_1_290' title='bbox 2046 787 2197 831; x_wconf 76' lang='lat' dir='ltr'>vocat</span> <span class='ocrx_word' id='word_1_291' title='bbox 2212 781 2413 837; x_wconf 79' lang='lat' dir='ltr'>Victor,</span> <span class='ocrx_word' id='word_1_292' title='bbox 2433 780 2559 830; x_wconf 89' lang='lat' dir='ltr'>alibi</span> 
     </span>
     <span class='ocr_line' id='line_1_57' title="bbox 1498 855 2556 921; baseline 0 -15"><span class='ocrx_word' id='word_1_293' title='bbox 1498 858 1516 886; x_wconf 88' lang='lat'>‘</span> <span class='ocrx_word' id='word_1_294' title='bbox 1539 857 1790 921; x_wconf 85' lang='lat' dir='ltr'>impetum</span> <span class='ocrx_word' id='word_1_295' title='bbox 1812 855 2105 920; x_wconf 73' lang='lat' dir='ltr'>sanguinis&#39;</span> <span class='ocrx_word' id='word_1_296' title='bbox 2131 856 2268 907; x_wconf 82' lang='lat' dir='ltr'>dixit</span> <span class='ocrx_word' id='word_1_297' title='bbox 2287 856 2339 906; x_wconf 92' lang='lat' dir='ltr'>in</span> <span class='ocrx_word' id='word_1_298' title='bbox 2364 858 2556 907; x_wconf 85' lang='lat' dir='ltr'>Valen-</span> 
     </span>
     <span class='ocr_line' id='line_1_58' title="bbox 1497 932 2558 997; baseline 0 -14"><span class='ocrx_word' id='word_1_299' title='bbox 1497 933 1727 983; x_wconf 69' lang='lat' dir='ltr'>tinianos</span> <span class='ocrx_word' id='word_1_300' title='bbox 1759 935 1775 962; x_wconf 78' lang='lat'><em>⁶</em></span> <span class='ocrx_word' id='word_1_301' title='bbox 1800 932 1956 983; x_wconf 78' lang='lat' dir='ltr'>Anno</span> <span class='ocrx_word' id='word_1_302' title='bbox 1990 933 2089 982; x_wconf 65' lang='lat' dir='ltr'>nvi</span> <span class='ocrx_word' id='word_1_303' title='bbox 2127 932 2310 997; x_wconf 84' lang='lat' dir='ltr'>quinto</span> <span class='ocrx_word' id='word_1_304' title='bbox 2331 938 2388 983; x_wconf 88' lang='lat' dir='ltr'>et</span> <span class='ocrx_word' id='word_1_305' title='bbox 2407 934 2558 997; x_wconf 88' lang='lat' dir='ltr'>quin·</span> 
     </span>
     <span class='ocr_line' id='line_1_59' title="bbox 1497 1008 2558 1075; baseline -0.002 -16"><span class='ocrx_word' id='word_1_306' title='bbox 1497 1009 1813 1075; x_wconf 71' lang='lat' dir='ltr'>quagesimo,</span> <span class='ocrx_word' id='word_1_307' title='bbox 1866 1010 2064 1074; x_wconf 84' lang='lat' dir='ltr'>impetn</span> <span class='ocrx_word' id='word_1_308' title='bbox 2116 1008 2373 1071; x_wconf 75' lang='lat' dir='ltr'>sanguinis</span> <span class='ocrx_word' id='word_1_309' title='bbox 2429 1022 2558 1058; x_wconf 82' lang='lat' dir='ltr'>voce</span> 
     </span>
     <span class='ocr_line' id='line_1_60' title="bbox 1497 1083 2563 1150; baseline 0.001 -15"><span class='ocrx_word' id='word_1_310' title='bbox 1497 1087 1688 1136; x_wconf 84' lang='lat' dir='ltr'>amissa</span> <span class='ocrx_word' id='word_1_311' title='bbox 1738 1098 1890 1136; x_wconf 85' lang='lat' dir='ltr'>sensu</span> <span class='ocrx_word' id='word_1_312' title='bbox 1961 1087 2168 1150; x_wconf 75' lang='lat' dir='ltr'>integer</span> <span class='ocrx_word' id='word_1_313' title='bbox 2235 1083 2563 1148; x_wconf 66' lang='lat' dir='ltr'>exspiravit!</span> 
     </span>
     <span class='ocr_line' id='line_1_61' title="bbox 1495 1160 2559 1227; baseline 0.001 -16"><span class='ocrx_word' id='word_1_314' title='bbox 1495 1160 1801 1213; x_wconf 84' lang='lat' dir='ltr'>Ammianus</span> <span class='ocrx_word' id='word_1_315' title='bbox 1820 1161 2056 1213; x_wconf 82' lang='lat' dir='ltr'>eumdem</span> <span class='ocrx_word' id='word_1_316' title='bbox 2089 1169 2106 1191; x_wconf 87' lang='lat'>‘</span> <span class='ocrx_word' id='word_1_317' title='bbox 2129 1161 2290 1212; x_wconf 86' lang='lat' dir='ltr'>ictum</span> <span class='ocrx_word' id='word_1_318' title='bbox 2313 1167 2559 1227; x_wconf 85' lang='lat' dir='ltr'>tanquam</span> 
     </span>
     <span class='ocr_line' id='line_1_62' title="bbox 1495 1236 2556 1303; baseline -0.001 -15"><span class='ocrx_word' id='word_1_319' title='bbox 1495 1253 1528 1288; x_wconf 92' lang='lat' dir='ltr'>e</span> <span class='ocrx_word' id='word_1_320' title='bbox 1560 1240 1691 1289; x_wconf 83' lang='lat' dir='ltr'>coelo</span> <span class='ocrx_word' id='word_1_321' title='bbox 1721 1237 2049 1303; x_wconf 85' lang='lat' dir='ltr'>exspirasse&#39;</span> <span class='ocrx_word' id='word_1_322' title='bbox 2085 1236 2267 1289; x_wconf 87' lang='lat' dir='ltr'>scribit</span> <span class='ocrx_word' id='word_1_323' title='bbox 2300 1237 2391 1288; x_wconf 81' lang='lat' dir='ltr'>lib.</span> <span class='ocrx_word' id='word_1_324' title='bbox 2413 1250 2556 1288; x_wconf 82' lang='lat' dir='ltr'>xxx.</span> 
     </span>
     <span class='ocr_line' id='line_1_63' title="bbox 1493 1313 2559 1380; baseline -0.001 -17"><span class='ocrx_word' id='word_1_325' title='bbox 1493 1321 1509 1344; x_wconf 82' lang='lat'>‘</span> <span class='ocrx_word' id='word_1_326' title='bbox 1534 1313 1903 1380; x_wconf 71' lang='lat' dir='ltr'>Paulatimque</span> <span class='ocrx_word' id='word_1_327' title='bbox 1925 1314 2114 1364; x_wconf 87' lang='lat' dir='ltr'>lenitus</span> <span class='ocrx_word' id='word_1_328' title='bbox 2138 1319 2195 1363; x_wconf 90' lang='lat' dir='ltr'>et</span> <span class='ocrx_word' id='word_1_329' title='bbox 2220 1313 2289 1363; x_wconf 81' lang='lat' dir='ltr'>ad</span> <span class='ocrx_word' id='word_1_330' title='bbox 2321 1314 2559 1364; x_wconf 75' lang='lat' dir='ltr'>molliora</span> 
     </span>
     <span class='ocr_line' id='line_1_64' title="bbox 1495 1390 2558 1455; baseline 0.001 -17"><span class='ocrx_word' id='word_1_331' title='bbox 1495 1392 1816 1455; x_wconf 83' lang='lat' dir='ltr'>propensior,</span> <span class='ocrx_word' id='word_1_332' title='bbox 1862 1400 2103 1454; x_wconf 81' lang='lat' dir='ltr'>tanquam</span> <span class='ocrx_word' id='word_1_333' title='bbox 2152 1390 2292 1441; x_wconf 87' lang='lat' dir='ltr'>ictus</span> <span class='ocrx_word' id='word_1_334' title='bbox 2334 1405 2365 1440; x_wconf 88' lang='lat' dir='ltr'>e</span> <span class='ocrx_word' id='word_1_335' title='bbox 2405 1393 2558 1448; x_wconf 76' lang='lat' dir='ltr'>coelo,</span> 
     </span>
     <span class='ocr_line' id='line_1_65' title="bbox 1495 1466 2558 1533; baseline -0.001 -17"><span class='ocrx_word' id='word_1_336' title='bbox 1495 1467 1749 1533; x_wconf 79' lang='lat' dir='ltr'>vitalique</span> <span class='ocrx_word' id='word_1_337' title='bbox 1768 1468 1853 1516; x_wconf 82' lang='lat' dir='ltr'>via</span> <span class='ocrx_word' id='word_1_338' title='bbox 1870 1481 2099 1533; x_wconf 78' lang='lat' dir='ltr'>voceque</span> <span class='ocrx_word' id='word_1_339' title='bbox 2114 1468 2266 1518; x_wconf 86' lang='lat' dir='ltr'>simul</span> <span class='ocrx_word' id='word_1_340' title='bbox 2283 1466 2558 1518; x_wconf 82' lang='lat' dir='ltr'>obstructa</span> 
     </span>
     <span class='ocr_line' id='line_1_66' title="bbox 1494 1541 2557 1608; baseline -0.002 -16"><span class='ocrx_word' id='word_1_341' title='bbox 1494 1541 1748 1594; x_wconf 81' lang='lat' dir='ltr'>suffectus</span> <span class='ocrx_word' id='word_1_342' title='bbox 1781 1545 1936 1608; x_wconf 72' lang='lat' dir='ltr'>igneo</span> <span class='ocrx_word' id='word_1_343' title='bbox 1988 1543 2179 1593; x_wconf 86' lang='lat' dir='ltr'>lumine</span> <span class='ocrx_word' id='word_1_344' title='bbox 2223 1542 2557 1598; x_wconf 84' lang='lat' dir='ltr'>cernebatur,</span> 
     </span>
     <span class='ocr_line' id='line_1_67' title="bbox 1496 1619 2556 1685; baseline -0.003 -15"><span class='ocrx_word' id='word_1_345' title='bbox 1496 1626 1802 1685; x_wconf 73' lang='lat' dir='ltr'>etr-epente</span> <span class='ocrx_word' id='word_1_346' title='bbox 1824 1620 2055 1670; x_wconf 81' lang='lat' dir='ltr'>cohibito</span> <span class='ocrx_word' id='word_1_347' title='bbox 2087 1620 2339 1683; x_wconf 71' lang='lat' dir='ltr'>sangnine</span> <span class='ocrx_word' id='word_1_348' title='bbox 2373 1619 2556 1670; x_wconf 84' lang='lat' dir='ltr'>lethali</span> 
     </span>
     <span class='ocr_line' id='line_1_68' title="bbox 1492 1695 2558 1760; baseline 0.001 -15"><span class='ocrx_word' id='word_1_349' title='bbox 1492 1695 1687 1746; x_wconf 85' lang='lat' dir='ltr'>sudore</span> <span class='ocrx_word' id='word_1_350' title='bbox 1718 1695 1984 1760; x_wconf 81' lang='lat' dir='ltr'>perfusus,</span> <span class='ocrx_word' id='word_1_351' title='bbox 2012 1710 2080 1746; x_wconf 86' lang='lat' dir='ltr'>ne</span> <span class='ocrx_word' id='word_1_352' title='bbox 2105 1697 2375 1747; x_wconf 86' lang='lat' dir='ltr'>laberetur</span> <span class='ocrx_word' id='word_1_353' title='bbox 2406 1710 2558 1760; x_wconf 84' lang='lat' dir='ltr'>spec-</span> 
     </span>
     <span class='ocr_line' id='line_1_69' title="bbox 1496 1773 2559 1825; baseline 0 -2"><span class='ocrx_word' id='word_1_354' title='bbox 1496 1773 1730 1823; x_wconf 88' lang='lat' dir='ltr'>tantibus</span> <span class='ocrx_word' id='word_1_355' title='bbox 1762 1774 1999 1824; x_wconf 77' lang='lat' dir='ltr'>exulibus</span> <span class='ocrx_word' id='word_1_356' title='bbox 2022 1788 2274 1825; x_wconf 86' lang='lat' dir='ltr'>concursu</span> <span class='ocrx_word' id='word_1_357' title='bbox 2296 1774 2559 1823; x_wconf 88' lang='lat' dir='ltr'>ministro·</span> 
     </span>
     <span class='ocr_line' id='line_1_70' title="bbox 1496 1850 2557 1900; baseline 0.001 -2"><span class='ocrx_word' id='word_1_358' title='bbox 1496 1863 1611 1899; x_wconf 86' lang='lat' dir='ltr'>rum</span> <span class='ocrx_word' id='word_1_359' title='bbox 1665 1850 1791 1900; x_wconf 65' lang='lat' dir='ltr'>vitas</span> <span class='ocrx_word' id='word_1_360' title='bbox 1843 1850 2144 1900; x_wconf 86' lang='lat' dir='ltr'>secretioris</span> <span class='ocrx_word' id='word_1_361' title='bbox 2198 1851 2263 1899; x_wconf 87' lang='lat' dir='ltr'>ad</span> <span class='ocrx_word' id='word_1_362' title='bbox 2305 1850 2557 1899; x_wconf 81' lang='lat' dir='ltr'>conclave</span> 
     </span>
     <span class='ocr_line' id='line_1_71' title="bbox 1493 1924 2559 1990; baseline 0.001 -17"><span class='ocrx_word' id='word_1_363' title='bbox 1493 1924 1686 1976; x_wconf 72' lang='lat' dir='ltr'>ductus</span> <span class='ocrx_word' id='word_1_364' title='bbox 1727 1933 1810 1975; x_wconf 87' lang='lat' dir='ltr'>est</span> <span class='ocrx_word' id='word_1_365' title='bbox 1848 1925 2122 1976; x_wconf 85' lang='lat' dir='ltr'>intimum.’</span> <span class='ocrx_word' id='word_1_366' title='bbox 2205 1926 2269 1976; x_wconf 89' lang='lat' dir='ltr'>In</span> <span class='ocrx_word' id='word_1_367' title='bbox 2306 1925 2559 1990; x_wconf 86' lang='lat' dir='ltr'>ejusmodi</span> 
     </span>
     <span class='ocr_line' id='line_1_72' title="bbox 1495 2001 2556 2066; baseline -0.001 -16"><span class='ocrx_word' id='word_1_368' title='bbox 1495 2009 1669 2051; x_wconf 87' lang='lat' dir='ltr'>autem</span> <span class='ocrx_word' id='word_1_369' title='bbox 1711 2002 1893 2053; x_wconf 85' lang='lat' dir='ltr'>subitis</span> <span class='ocrx_word' id='word_1_370' title='bbox 1931 2010 1990 2052; x_wconf 90' lang='lat' dir='ltr'>et</span> <span class='ocrx_word' id='word_1_371' title='bbox 2028 2001 2317 2066; x_wconf 70' lang='lat' dir='ltr'>repentinis</span> <span class='ocrx_word' id='word_1_372' title='bbox 2361 2001 2556 2054; x_wconf 84' lang='lat' dir='ltr'>morbis</span> 
     </span>
     <span class='ocr_line' id='line_1_73' title="bbox 1495 2076 2556 2143; baseline 0 -16"><span class='ocrx_word' id='word_1_373' title='bbox 1495 2077 1806 2143; x_wconf 76' lang='lat' dir='ltr'>frequenter</span> <span class='ocrx_word' id='word_1_374' title='bbox 1837 2079 1943 2129; x_wconf 86' lang='lat' dir='ltr'>et·‘</span> <span class='ocrx_word' id='word_1_375' title='bbox 1965 2077 2135 2129; x_wconf 87' lang='lat' dir='ltr'>ictus’</span> <span class='ocrx_word' id='word_1_376' title='bbox 2172 2086 2231 2128; x_wconf 91' lang='lat' dir='ltr'>et</span> <span class='ocrx_word' id='word_1_377' title='bbox 2262 2080 2279 2108; x_wconf 81' lang='lat'><em>⁶</em></span> <span class='ocrx_word' id='word_1_378' title='bbox 2300 2076 2556 2142; x_wconf 81' lang='lat' dir='ltr'>impetue&#39;</span> 
     </span>
     <span class='ocr_line' id='line_1_74' title="bbox 1494 2152 2561 2220; baseline -0.001 -16"><span class='ocrx_word' id='word_1_379' title='bbox 1494 2155 1789 2205; x_wconf 85' lang='lat' dir='ltr'>nominibus</span> <span class='ocrx_word' id='word_1_380' title='bbox 1833 2161 2069 2210; x_wconf 78' lang='lat' dir='ltr'>utuntur,</span> <span class='ocrx_word' id='word_1_381' title='bbox 2111 2155 2297 2220; x_wconf 88' lang='lat' dir='ltr'>quibus</span> <span class='ocrx_word' id='word_1_382' title='bbox 2339 2152 2402 2204; x_wconf 73' lang='grc' dir='ltr'>τὸ</span> <span class='ocrx_word' id='word_1_383' title='bbox 2441 2154 2561 2205; x_wconf 69' lang='grc' dir='ltr'>ἄπο·</span> 
     </span>
     <span class='ocr_line' id='line_1_75' title="bbox 1493 2230 2559 2297; baseline 0.002 -17"><span class='ocrx_word' id='word_1_384' title='bbox 1493 2230 1761 2290; x_wconf 71' lang='grc' dir='ltr'><strong><em>πληκτικὸν</em></strong></span> <span class='ocrx_word' id='word_1_385' title='bbox 1814 2233 2117 2297; x_wconf 85' lang='lat' dir='ltr'>cxprimunt</span> <span class='ocrx_word' id='word_1_386' title='bbox 2163 2230 2327 2282; x_wconf 83' lang='lat' dir='ltr'>morbi</span> <span class='ocrx_word' id='word_1_387' title='bbox 2378 2245 2559 2295; x_wconf 72' lang='lat' dir='ltr'>genus.</span> 
     </span>
     <span class='ocr_line' id='line_1_76' title="bbox 1500 2306 2562 2375; baseline -0.001 -17"><span class='ocrx_word' id='word_1_388' title='bbox 1500 2309 1616 2359; x_wconf 83' lang='lat' dir='ltr'>Nec</span> <span class='ocrx_word' id='word_1_389' title='bbox 1639 2309 1872 2372; x_wconf 83' lang='lat' dir='ltr'>dubium,</span> <span class='ocrx_word' id='word_1_390' title='bbox 1894 2311 2018 2375; x_wconf 89' lang='lat' dir='ltr'>quin</span> <span class='ocrx_word' id='word_1_391' title='bbox 2049 2306 2338 2372; x_wconf 65' lang='grc' dir='ltr'>ἀποστ-λήξειε</span> <span class='ocrx_word' id='word_1_392' title='bbox 2367 2315 2562 2358; x_wconf 82' lang='lat' dir='ltr'>vocent</span> 
     </span>
     <span class='ocr_line' id='line_1_77' title="bbox 1495 2385 2560 2449; baseline -0.003 -14"><span class='ocrx_word' id='word_1_393' title='bbox 1495 2385 1747 2449; x_wconf 83' lang='lat' dir='ltr'>ejusmodi</span> <span class='ocrx_word' id='word_1_394' title='bbox 1764 2385 1969 2449; x_wconf 88' lang='lat' dir='ltr'>species</span> <span class='ocrx_word' id='word_1_395' title='bbox 1984 2385 2298 2442; x_wconf 82' lang='lat' dir='ltr'>morborum,</span> <span class='ocrx_word' id='word_1_396' title='bbox 2318 2398 2415 2448; x_wconf 90' lang='lat' dir='ltr'>per</span> <span class='ocrx_word' id='word_1_397' title='bbox 2430 2396 2560 2448; x_wconf 87' lang='lat' dir='ltr'>quas</span> 
     </span>
     <span class='ocr_line' id='line_1_78' title="bbox 1495 2461 2557 2526; baseline -0.002 -16"><span class='ocrx_word' id='word_1_398' title='bbox 1495 2461 1696 2526; x_wconf 87' lang='lat' dir='ltr'>impetn</span> <span class='ocrx_word' id='word_1_399' title='bbox 1730 2461 1926 2511; x_wconf 88' lang='lat' dir='ltr'>ruentis</span> <span class='ocrx_word' id='word_1_400' title='bbox 1962 2461 2226 2526; x_wconf 61' lang='lat' dir='ltr'>sanguinis</span> <span class='ocrx_word' id='word_1_401' title='bbox 2271 2469 2328 2512; x_wconf 88' lang='lat' dir='ltr'>et</span> <span class='ocrx_word' id='word_1_402' title='bbox 2372 2461 2557 2511; x_wconf 72' lang='lat' dir='ltr'>vitales</span> 
     </span>
     <span class='ocr_line' id='line_1_79' title="bbox 1497 2537 2558 2602; baseline -0.001 -16"><span class='ocrx_word' id='word_1_403' title='bbox 1497 2538 1607 2587; x_wconf 80' lang='lat' dir='ltr'>vias</span> <span class='ocrx_word' id='word_1_404' title='bbox 1626 2537 1945 2588; x_wconf 71' lang='lat' dir='ltr'>obstruentis</span> <span class='ocrx_word' id='word_1_405' title='bbox 1978 2545 2241 2590; x_wconf 88' lang='lat' dir='ltr'>momento</span> <span class='ocrx_word' id='word_1_406' title='bbox 2259 2537 2373 2602; x_wconf 89' lang='lat' dir='ltr'>quis</span> <span class='ocrx_word' id='word_1_407' title='bbox 2400 2537 2558 2601; x_wconf 86' lang='lat' dir='ltr'>eripi·</span> 
     </span>
     <span class='ocr_line' id='line_1_80' title="bbox 1496 2613 2566 2678; baseline -0.002 -14"><span class='ocrx_word' id='word_1_408' title='bbox 1496 2621 1586 2664; x_wconf 89' lang='lat' dir='ltr'>tur</span> <span class='ocrx_word' id='word_1_409' title='bbox 1602 2622 1658 2664; x_wconf 86' lang='lat' dir='ltr'>et</span> <span class='ocrx_word' id='word_1_410' title='bbox 1675 2613 1974 2665; x_wconf 83' lang='lat' dir='ltr'>suffocatur.</span> <span class='ocrx_word' id='word_1_411' title='bbox 2024 2614 2228 2665; x_wconf 60' lang='lat' dir='ltr'>&amp;lusca</span> <span class='ocrx_word' id='word_1_412' title='bbox 2251 2613 2318 2664; x_wconf 87' lang='lat' dir='ltr'>ad</span> <span class='ocrx_word' id='word_1_413' title='bbox 2342 2613 2566 2678; x_wconf 36' lang='lat' dir='ltr'>Capito-⁷</span> 
     </span>
     <span class='ocr_line' id='line_1_81' title="bbox 1496 2689 2557 2752; baseline -0.002 -13"><span class='ocrx_word' id='word_1_414' title='bbox 1496 2690 1590 2740; x_wconf 86' lang='lat' dir='ltr'>lin.</span> <span class='ocrx_word' id='word_1_415' title='bbox 1621 2691 1821 2741; x_wconf 85' lang='lat' dir='ltr'>Anton.</span> <span class='ocrx_word' id='word_1_416' title='bbox 1841 2690 1980 2740; x_wconf 86' lang='lat' dir='ltr'>Pbil.</span> <span class='ocrx_word' id='word_1_417' title='bbox 2003 2705 2052 2741; x_wconf 87' lang='lat' dir='ltr'>c.</span> <span class='ocrx_word' id='word_1_418' title='bbox 2078 2695 2159 2741; x_wconf 72' lang='lat'>14.</span> <span class='ocrx_word' id='word_1_419' title='bbox 2225 2689 2348 2741; x_wconf 87' lang='lat' dir='ltr'>Non</span> <span class='ocrx_word' id='word_1_420' title='bbox 2371 2702 2557 2752; x_wconf 82' lang='lat' dir='ltr'>pamm</span> 
     </span>
     <span class='ocr_line' id='line_1_82' title="bbox 1495 2766 2558 2832; baseline 0 -15"><span class='ocrx_word' id='word_1_421' title='bbox 1495 2769 1691 2832; x_wconf 72' lang='lat' dir='ltr'>negotii</span> <span class='ocrx_word' id='word_1_422' title='bbox 1710 2766 1983 2819; x_wconf 74' lang='lat' dir='ltr'>facessivit</span> <span class='ocrx_word' id='word_1_423' title='bbox 2012 2768 2099 2818; x_wconf 85' lang='lat' dir='ltr'>hic</span> <span class='ocrx_word' id='word_1_424' title='bbox 2121 2771 2264 2819; x_wconf 86' lang='lat' dir='ltr'>locus</span> <span class='ocrx_word' id='word_1_425' title='bbox 2285 2767 2409 2817; x_wconf 83' lang='lat' dir='ltr'>viris</span> <span class='ocrx_word' id='word_1_426' title='bbox 2433 2766 2558 2817; x_wconf 89' lang='lat' dir='ltr'>doc·</span> 
     </span>
     <span class='ocr_line' id='line_1_83' title="bbox 1496 2842 2560 2905; baseline -0.006 -9"><span class='ocrx_word' id='word_1_427' title='bbox 1496 2845 1589 2905; x_wconf 87' lang='lat' dir='ltr'>tis,</span> <span class='ocrx_word' id='word_1_428' title='bbox 1617 2845 1749 2895; x_wconf 74' lang='lat' dir='ltr'>Eliae</span> <span class='ocrx_word' id='word_1_429' title='bbox 1772 2845 1961 2895; x_wconf 87' lang='lat' dir='ltr'>Vineto</span> <span class='ocrx_word' id='word_1_430' title='bbox 1994 2852 2053 2895; x_wconf 88' lang='lat' dir='ltr'>et</span> <span class='ocrx_word' id='word_1_431' title='bbox 2075 2843 2307 2895; x_wconf 68' lang='lat' dir='ltr'>Andreae</span> <span class='ocrx_word' id='word_1_432' title='bbox 2338 2842 2560 2892; x_wconf 75' lang='lat' dir='ltr'>schotto</span> 
     </span>
     <span class='ocr_line' id='line_1_84' title="bbox 1495 2916 2561 2985; baseline -0.008 -12"><span class='ocrx_word' id='word_1_433' title='bbox 1495 2921 1719 2973; x_wconf 75' lang='lat' dir='ltr'>Jesuitae</span> <span class='ocrx_word' id='word_1_434' title='bbox 1739 2936 1756 2970; x_wconf 71' lang='grc' dir='ltr'><em>ε</em></span> <span class='ocrx_word' id='word_1_435' title='bbox 1782 2922 1871 2985; x_wconf 86' lang='lat' dir='ltr'>qui</span> <span class='ocrx_word' id='word_1_436' title='bbox 1889 2919 2086 2971; x_wconf 80' lang='lat' dir='ltr'>frustra</span> <span class='ocrx_word' id='word_1_437' title='bbox 2108 2919 2350 2971; x_wconf 72' lang='lat' dir='ltr'>adhibitis</span> <span class='ocrx_word' id='word_1_438' title='bbox 2369 2916 2423 2966; x_wconf 85' lang='lat' dir='ltr'>in</span> <span class='ocrx_word' id='word_1_439' title='bbox 2437 2931 2561 2966; x_wconf 86' lang='lat' dir='ltr'>con·</span> 
     </span>
     <span class='ocr_line' id='line_1_85' title="bbox 1493 2994 2566 3056; baseline -0.001 -12"><span class='ocrx_word' id='word_1_440' title='bbox 1493 2996 1669 3045; x_wconf 88' lang='lat' dir='ltr'>silium</span> <span class='ocrx_word' id='word_1_441' title='bbox 1706 2996 1944 3054; x_wconf 83' lang='lat' dir='ltr'>medicis,</span> <span class='ocrx_word' id='word_1_442' title='bbox 1974 3004 2033 3046; x_wconf 89' lang='lat' dir='ltr'>et</span> <span class='ocrx_word' id='word_1_443' title='bbox 2063 2996 2297 3046; x_wconf 87' lang='lat' dir='ltr'>omnibus</span> <span class='ocrx_word' id='word_1_444' title='bbox 2327 2994 2566 3056; x_wconf 86' lang='lat' dir='ltr'>tentatis,</span> 
     </span>
     <span class='ocr_line' id='line_1_86' title="bbox 1495 3070 2560 3136; baseline -0.006 -13"><span class='ocrx_word' id='word_1_445' title='bbox 1495 3086 1614 3123; x_wconf 87' lang='lat' dir='ltr'>cum</span> <span class='ocrx_word' id='word_1_446' title='bbox 1637 3072 1761 3122; x_wconf 90' lang='lat' dir='ltr'>alias</span> <span class='ocrx_word' id='word_1_447' title='bbox 1784 3072 2037 3136; x_wconf 85' lang='lat' dir='ltr'>expedire</span> <span class='ocrx_word' id='word_1_448' title='bbox 2059 3086 2117 3122; x_wconf 90' lang='lat' dir='ltr'>se</span> <span class='ocrx_word' id='word_1_449' title='bbox 2140 3084 2241 3120; x_wconf 90' lang='lat' dir='ltr'>non</span> <span class='ocrx_word' id='word_1_450' title='bbox 2271 3077 2473 3132; x_wconf 88' lang='lat' dir='ltr'>posset,</span> <span class='ocrx_word' id='word_1_451' title='bbox 2493 3070 2560 3118; x_wconf 90' lang='lat' dir='ltr'>ad</span> 
     </span>
     <span class='ocr_line' id='line_1_87' title="bbox 1497 3143 2563 3210; baseline -0.003 -12"><span class='ocrx_word' id='word_1_452' title='bbox 1497 3149 1735 3199; x_wconf 84' lang='lat' dir='ltr'>ultimum</span> <span class='ocrx_word' id='word_1_453' title='bbox 1757 3148 1885 3199; x_wconf 88' lang='lat' dir='ltr'>illnd</span> <span class='ocrx_word' id='word_1_454' title='bbox 1919 3151 1936 3177; x_wconf 93' lang='lat'>‘</span> <span class='ocrx_word' id='word_1_455' title='bbox 1955 3162 2065 3204; x_wconf 87' lang='lat' dir='ltr'>ure,</span> <span class='ocrx_word' id='word_1_456' title='bbox 2087 3144 2244 3202; x_wconf 82' lang='lat' dir='ltr'>seca,&#39;</span> <span class='ocrx_word' id='word_1_457' title='bbox 2278 3143 2563 3210; x_wconf 76' lang='lat' dir='ltr'>confugere</span> 
     </span>
     <span class='ocr_line' id='line_1_88' title="bbox 1496 3222 2563 3286; baseline -0.005 -10"><span class='ocrx_word' id='word_1_458' title='bbox 1496 3234 1732 3284; x_wconf 86' lang='lat' dir='ltr'>coactus,</span> <span class='ocrx_word' id='word_1_459' title='bbox 1757 3239 1912 3276; x_wconf 82' lang='lat' dir='ltr'>voces</span> <span class='ocrx_word' id='word_1_460' title='bbox 1944 3225 2056 3275; x_wconf 86' lang='lat' dir='ltr'>illas</span> <span class='ocrx_word' id='word_1_461' title='bbox 2078 3225 2178 3274; x_wconf 71' lang='lat' dir='ltr'>ictu</span> <span class='ocrx_word' id='word_1_462' title='bbox 2196 3222 2449 3286; x_wconf 63' lang='lat' dir='ltr'>sauguinis</span> <span class='ocrx_word' id='word_1_463' title='bbox 2469 3237 2563 3271; x_wconf 87' lang='lat' dir='ltr'>ex-</span> 
     </span>
     <span class='ocr_line' id='line_1_89' title="bbox 1495 3299 2563 3367; baseline -0.002 -17"><span class='ocrx_word' id='word_1_464' title='bbox 1495 3302 1658 3367; x_wconf 71' lang='lat' dir='ltr'>pungi</span> <span class='ocrx_word' id='word_1_465' title='bbox 1688 3301 1869 3353; x_wconf 77' lang='lat' dir='ltr'>voluit.</span> <span class='ocrx_word' id='word_1_466' title='bbox 1933 3301 2035 3352; x_wconf 85' lang='lat' dir='ltr'>Sed</span> <span class='ocrx_word' id='word_1_467' title='bbox 2069 3306 2215 3352; x_wconf 84' lang='lat' dir='ltr'>recte</span> <span class='ocrx_word' id='word_1_468' title='bbox 2248 3299 2470 3349; x_wconf 75' lang='lat' dir='ltr'>asseruit</span> <span class='ocrx_word' id='word_1_469' title='bbox 2503 3307 2563 3349; x_wconf 90' lang='lat' dir='ltr'>et</span> 
     </span>
     <span class='ocr_line' id='line_1_90' title="bbox 1497 3375 2562 3441; baseline -0.004 -14"><span class='ocrx_word' id='word_1_470' title='bbox 1497 3378 1782 3441; x_wconf 73' lang='lat' dir='ltr'>explicavit</span> <span class='ocrx_word' id='word_1_471' title='bbox 1822 3376 2124 3440; x_wconf 80' lang='lat' dir='ltr'>Salmasius,</span> <span class='ocrx_word' id='word_1_472' title='bbox 2163 3376 2341 3427; x_wconf 82' lang='lat' dir='ltr'>barum</span> <span class='ocrx_word' id='word_1_473' title='bbox 2382 3375 2562 3424; x_wconf 85' lang='lat' dir='ltr'>litera·</span> 
     </span>
     <span class='ocr_line' id='line_1_91' title="bbox 1498 3454 2562 3518; baseline -0.002 -16"><span class='ocrx_word' id='word_1_474' title='bbox 1498 3468 1613 3503; x_wconf 86' lang='lat' dir='ltr'>rum</span> <span class='ocrx_word' id='word_1_475' title='bbox 1638 3469 1874 3518; x_wconf 73' lang='lat' dir='ltr'>magnum</span> <span class='ocrx_word' id='word_1_476' title='bbox 1897 3455 2077 3517; x_wconf 87' lang='lat' dir='ltr'>decus,</span> <span class='ocrx_word' id='word_1_477' title='bbox 2101 3454 2485 3505; x_wconf 84' lang='lat' dir='ltr'>commentariis</span> <span class='ocrx_word' id='word_1_478' title='bbox 2508 3455 2562 3501; x_wconf 89' lang='lat' dir='ltr'>in</span> 
     </span>
     <span class='ocr_line' id='line_1_92' title="bbox 1498 3529 2563 3596; baseline -0.003 -16"><span class='ocrx_word' id='word_1_479' title='bbox 1498 3529 1754 3582; x_wconf 60' lang='lat' dir='ltr'>Historias</span> <span class='ocrx_word' id='word_1_480' title='bbox 1798 3531 2051 3596; x_wconf 66' lang='lat' dir='ltr'>Augustas</span> <span class='ocrx_word' id='word_1_481' title='bbox 2096 3533 2384 3595; x_wconf 81' lang='lat' dir='ltr'>scriptores</span> <span class='ocrx_word' id='word_1_482' title='bbox 2428 3537 2563 3593; x_wconf 51' lang='grc' dir='ltr'>μην</span> 
     </span>
     <span class='ocr_line' id='line_1_93' title="bbox 1500 3605 2572 3671; baseline -0.002 -15"><span class='ocrx_word' id='word_1_483' title='bbox 1500 3606 1819 3657; x_wconf 62' lang='lat' dir='ltr'>clarissimis«</span> <span class='ocrx_word' id='word_1_484' title='bbox 1882 3609 1998 3670; x_wconf 77' lang='lat' dir='ltr'>Ego</span> <span class='ocrx_word' id='word_1_485' title='bbox 2026 3608 2205 3666; x_wconf 89' lang='lat' dir='ltr'>miror,</span> <span class='ocrx_word' id='word_1_486' title='bbox 2239 3607 2362 3671; x_wconf 88' lang='lat' dir='ltr'>quid</span> <span class='ocrx_word' id='word_1_487' title='bbox 2397 3605 2450 3655; x_wconf 90' lang='lat' dir='ltr'>in</span> <span class='ocrx_word' id='word_1_488' title='bbox 2483 3607 2572 3655; x_wconf 84' lang='lat' dir='ltr'>bis&#39;</span> 
     </span>
     <span class='ocr_line' id='line_1_94' title="bbox 1500 3682 2561 3749; baseline -0.003 -18"><span class='ocrx_word' id='word_1_489' title='bbox 1500 3682 1673 3732; x_wconf 81' lang='lat' dir='ltr'>verbis</span> <span class='ocrx_word' id='word_1_490' title='bbox 1719 3683 1801 3748; x_wconf 91' lang='lat' dir='ltr'>(in</span> <span class='ocrx_word' id='word_1_491' title='bbox 1856 3698 2074 3749; x_wconf 89' lang='lat' dir='ltr'>quornm</span> <span class='ocrx_word' id='word_1_492' title='bbox 2129 3683 2391 3746; x_wconf 85' lang='lat' dir='ltr'>scriptura</span> <span class='ocrx_word' id='word_1_493' title='bbox 2441 3695 2561 3730; x_wconf 86' lang='lat' dir='ltr'>cum</span> 
     </span>
     <span class='ocr_line' id='line_1_95' title="bbox 1498 3756 2570 3823; baseline -0.002 -17"><span class='ocrx_word' id='word_1_494' title='bbox 1498 3757 1715 3809; x_wconf 84' lang='lat' dir='ltr'>Victore</span> <span class='ocrx_word' id='word_1_495' title='bbox 1738 3760 2045 3823; x_wconf 85' lang='lat' dir='ltr'>Eutropius,</span> <span class='ocrx_word' id='word_1_496' title='bbox 2060 3765 2118 3809; x_wconf 90' lang='lat' dir='ltr'>et</span> <span class='ocrx_word' id='word_1_497' title='bbox 2133 3758 2378 3809; x_wconf 74' lang='lat' dir='ltr'>miscellae</span> <span class='ocrx_word' id='word_1_498' title='bbox 2399 3756 2570 3805; x_wconf 81' lang='lat' dir='ltr'>histo-—</span> 
     </span>
     <span class='ocr_line' id='line_1_96' title="bbox 1498 3831 2563 3898; baseline -0.002 -16"><span class='ocrx_word' id='word_1_499' title='bbox 1498 3834 1593 3884; x_wconf 80' lang='lat' dir='ltr'>rioe</span> <span class='ocrx_word' id='word_1_500' title='bbox 1629 3836 1883 3886; x_wconf 85' lang='lat' dir='ltr'>collector</span> <span class='ocrx_word' id='word_1_501' title='bbox 1905 3833 2258 3898; x_wconf 85' lang='lat' dir='ltr'>consentiunt)</span> <span class='ocrx_word' id='word_1_502' title='bbox 2275 3856 2278 3863; x_wconf 92' lang='lat'>·</span> <span class='ocrx_word' id='word_1_503' title='bbox 2296 3832 2416 3882; x_wconf 82' lang='lat' dir='ltr'>viris</span> <span class='ocrx_word' id='word_1_504' title='bbox 2439 3831 2563 3881; x_wconf 87' lang='lat' dir='ltr'>doc-</span> 
     </span>
     <span class='ocr_line' id='line_1_97' title="bbox 1500 3908 2632 3973; baseline -0.002 -14"><span class='ocrx_word' id='word_1_505' title='bbox 1500 3911 1570 3960; x_wconf 89' lang='lat' dir='ltr'>tis</span> <span class='ocrx_word' id='word_1_506' title='bbox 1613 3910 1746 3961; x_wconf 85' lang='lat' dir='ltr'>adeo</span> <span class='ocrx_word' id='word_1_507' title='bbox 1786 3911 2058 3973; x_wconf 44' lang='lat' dir='ltr'>insolens,</span> <span class='ocrx_word' id='word_1_508' title='bbox 2080 3912 2163 3961; x_wconf 82' lang='lat' dir='ltr'>vel</span> <span class='ocrx_word' id='word_1_509' title='bbox 2201 3908 2566 3973; x_wconf 88' lang='lat' dir='ltr'>improprium,-</span> <span class='ocrx_word' id='word_1_510' title='bbox 2625 3957 2632 3965; x_wconf 77' lang='grc'><em>,</em></span> 
     </span>
     <span class='ocr_line' id='line_1_98' title="bbox 1498 3984 2562 4050; baseline -0.005 -14"><span class='ocrx_word' id='word_1_511' title='bbox 1498 3995 1592 4038; x_wconf 87' lang='lat' dir='ltr'>aut</span> <span class='ocrx_word' id='word_1_512' title='bbox 1645 3988 1926 4038; x_wconf 84' lang='lat' dir='ltr'>obscurum</span> <span class='ocrx_word' id='word_1_513' title='bbox 1974 3987 2199 4050; x_wconf 89' lang='lat' dir='ltr'>denique</span> <span class='ocrx_word' id='word_1_514' title='bbox 2252 3984 2419 4035; x_wconf 85' lang='lat' dir='ltr'>visum</span> <span class='ocrx_word' id='word_1_515' title='bbox 2474 3985 2562 4032; x_wconf 86' lang='lat' dir='ltr'>sit.</span> 
     </span>
     <span class='ocr_line' id='line_1_99' title="bbox 1500 4061 2563 4127; baseline -0.006 -14"><span class='ocrx_word' id='word_1_516' title='bbox 1500 4063 1640 4113; x_wconf 85' lang='lat' dir='ltr'>Nam</span> <span class='ocrx_word' id='word_1_517' title='bbox 1675 4063 1888 4127; x_wconf 85' lang='lat' dir='ltr'>‘ictus,&#39;</span> <span class='ocrx_word' id='word_1_518' title='bbox 1922 4064 1967 4112; x_wconf 85' lang='lat' dir='ltr'>si</span> <span class='ocrx_word' id='word_1_519' title='bbox 2003 4062 2151 4112; x_wconf 80' lang='lat' dir='ltr'>verbi</span> <span class='ocrx_word' id='word_1_520' title='bbox 2187 4062 2349 4126; x_wconf 87' lang='lat' dir='ltr'>ipsius</span> <span class='ocrx_word' id='word_1_521' title='bbox 2376 4061 2451 4109; x_wconf 83' lang='lat' dir='ltr'>vis</span> <span class='ocrx_word' id='word_1_522' title='bbox 2481 4070 2563 4108; x_wconf 86' lang='lat' dir='ltr'>at-</span> 
     </span>
     <span class='ocr_line' id='line_1_100' title="bbox 1499 4136 2631 4203; baseline -0.004 -15"><span class='ocrx_word' id='word_1_523' title='bbox 1499 4139 1767 4203; x_wconf 85' lang='lat' dir='ltr'>tendatur,</span> <span class='ocrx_word' id='word_1_524' title='bbox 1787 4155 1890 4190; x_wconf 89' lang='lat' dir='ltr'>non</span> <span class='ocrx_word' id='word_1_525' title='bbox 1911 4140 2011 4190; x_wconf 80' lang='lat' dir='ltr'>alis</span> <span class='ocrx_word' id='word_1_526' title='bbox 2026 4147 2171 4189; x_wconf 85' lang='lat' dir='ltr'>certe</span> <span class='ocrx_word' id='word_1_527' title='bbox 2187 4152 2285 4187; x_wconf 73' lang='lat' dir='ltr'>vox</span> <span class='ocrx_word' id='word_1_528' title='bbox 2297 4136 2563 4197; x_wconf 71' lang='grc' dir='ltr'><strong><em>ἀπόπληειν</em></strong></span> <span class='ocrx_word' id='word_1_529' title='bbox 2626 4178 2631 4185; x_wconf 78' lang='grc'><strong><em>,</em></strong></span> 
     </span>
     <span class='ocr_line' id='line_1_101' title="bbox 1497 4214 2563 4280; baseline -0.003 -15"><span class='ocrx_word' id='word_1_530' title='bbox 1497 4217 1678 4266; x_wconf 87' lang='lat' dir='ltr'>melius</span> <span class='ocrx_word' id='word_1_531' title='bbox 1700 4217 1963 4280; x_wconf 78' lang='lat' dir='ltr'>exprimit.</span> <span class='ocrx_word' id='word_1_532' title='bbox 2011 4214 2166 4268; x_wconf 85' lang='lat' dir='ltr'>Quod</span> <span class='ocrx_word' id='word_1_533' title='bbox 2195 4222 2369 4265; x_wconf 87' lang='lat' dir='ltr'>tamen</span> <span class='ocrx_word' id='word_1_534' title='bbox 2392 4216 2436 4263; x_wconf 91' lang='lat' dir='ltr'>si</span> <span class='ocrx_word' id='word_1_535' title='bbox 2458 4228 2563 4263; x_wconf 82' lang='lat' dir='ltr'>non</span> 
     </span>
     <span class='ocr_line' id='line_1_102' title="bbox 1497 4291 2565 4358; baseline -0.005 -14"><span class='ocrx_word' id='word_1_536' title='bbox 1497 4301 1659 4357; x_wconf 88' lang='lat' dir='ltr'>esset,</span> <span class='ocrx_word' id='word_1_537' title='bbox 1686 4301 1744 4345; x_wconf 87' lang='lat' dir='ltr'>at</span> <span class='ocrx_word' id='word_1_538' title='bbox 1779 4292 1848 4346; x_wconf 89' lang='lat' dir='ltr'>ob</span> <span class='ocrx_word' id='word_1_539' title='bbox 1882 4298 2305 4358; x_wconf 78' lang='lat' dir='ltr'>symptomatum,</span> <span class='ocrx_word' id='word_1_540' title='bbox 2335 4291 2565 4357; x_wconf 86' lang='lat' dir='ltr'>repenti·</span> 
     </span>
    </p>
   </div>
  </div>
 </body>
</html>
