3025 4934
607 410 895 462 Aunm..
932 411 1124 461 v1c'1·.
1176 392 1400 461 vino‘s
1449 411 1803 463 lunusrn.
1853 412 2018 463 cAP.
2065 413 2265 465 xvn.

321 554 600 621 legendum
620 555 773 607 vidit.
807 555 997 607 Solum.

385 631 674 694 Abdicauit]
723 632 901 683 Livius
942 632 1073 683 libro
1117 633 1275 683 tertio
1318 634 1383 683 ab

322 712 450 762 urbe
472 713 686 763 condita
707 727 720 759 τ
757 714 772 741 ‘
798 713 947 761 Coeso
970 722 1093 762 erat.
1110 713 1384 765 Quinctius

319 790 475 838 ferox
502 790 735 852 juvenis,
765 804 869 853 qua
904 791 1177 840 nobilitate
1200 791 1388 853 gentis,

322 881 425 930 qua
445 867 685 928 corporis
715 865 1065 927 magnitudine
1089 880 1149 915 ac
1172 866 1387 917 viribus.

325 943 409 992 Ad
431 957 495 990 ea
517 956 734 990 munera
759 941 884 990 data
903 957 933 990 a
952 941 1068 991 Diis
1090 949 1145 991 et
1160 943 1277 1004 ipse
1296 940 1385 989 ad·

320 1018 530 1068 diderat
565 1018 726 1066 multa
761 1018 880 1066 belli
911 1017 1122 1080 decora,
1154 1015 1386 1067 facundi—

320 1108 509 1158 amque
531 1095 585 1143 in
609 1093 743 1154 foro,
767 1102 826 1143 ut
856 1108 1022 1150 nemo,
1057 1107 1157 1142 nou
1192 1095 1386 1159 lingua,

322 1186 423 1221 non
463 1187 621 1220 maun
657 1172 945 1233 promptior
976 1172 1029 1219 in
1060 1171 1276 1220 civitate
1297 1171 1387 1220 ha-

326 1246 574 1297 beretur-³
652 1248 793 1296 Huic
834 1261 866 1296 a
908 1247 1146 1310 virginio
1196 1247 1384 1311 capitis

322 1324 434 1374 dies
477 1325 625 1375 dicta
663 1338 822 1388 quum
860 1329 1018 1385 esset,
1043 1338 1135 1372 sex
1164 1323 1386 1373 millibus

318 1402 445 1450 eris
491 1401 776 1449 mulctatus
818 1406 920 1459 est,
961 1413 1021 1448 ac
1061 1399 1321 1459 dimissus,
1355 1415 1386 1449 e

320 1476 438 1526 foro
473 1484 629 1526 nocte
667 1475 904 1539 proxima
932 1478 1080 1538 jussu
1118 1476 1385 1525 consulum

321 1553 373 1602 in
406 1554 663 1602 Etruscos
695 1552 749 1602 in
784 1553 1021 1602 exsilium
1055 1552 1200 1602 abiit.
1266 1554 1386 1603 Dis-

320 1629 557 1679 sentinut
578 1628 631 1677 in
649 1627 748 1678 hoc
766 1628 925 1692 igitur
947 1629 1191 1678 historici.
1223 1630 1386 1679 Maeli.

323 1703 604 1755 Abdicatio
635 1704 860 1754 moribus
893 1705 1137 1754 Romanis
1171 1712 1229 1755 et
1262 1707 1384 1770 legi·

320 1782 416 1831 bus
436 1772 725 1844 incognita.
782 1782 843 1830 L.
870 1780 1215 1831 §Abdicatioss
1253 1782 1384 1833 Cod.

321 1858 387 1907 de
428 1858 584 1907 Patr.
622 1859 827 1908 Potest.
893 1858 1083 1922 Neque
1124 1858 1386 1908 abdicavit

319 1934 481 1984 filium
515 1935 813 1990 Quinctius,
843 1948 1015 1999 neque
1048 1946 1286 1983 censores
1320 1950 1385 1984 ea

319 2019 637 2074 tempestate
655 2012 707 2059 in
725 2025 831 2073 rep.
851 2019 1018 2061 erant.
1053 2010 1230 2061 Creati
1248 2012 1383 2061 enim

320 2090 490 2152 primo
516 2096 639 2152 sunt
655 2087 719 2137 A.
739 2088 805 2136 U.
823 2089 883 2137 C.
899 2100 1056 2137 cccx.
1093 2085 1241 2136 Abiit
1262 2102 1384 2137 vero

318 2167 372 2214 iu
408 2166 651 2215 exsilium
680 2179 816 2215 auno
849 2177 1051 2213 ccxcii.
1086 2172 1207 2227 post
1230 2162 1298 2213 U.
1322 2165 1381 2213 C.

322 2242 434 2291 Liv.
473 2241 564 2290 lib.
588 2254 675 2290 m.
706 2241 928 2303 Dionys.
960 2239 997 2287 l.
1029 2252 1086 2288 x.
1119 2239 1306 2289 Schott.
1327 2248 1384 2291 et

321 2317 456 2381 Syll».
522 2316 627 2365 Sed
665 2317 749 2365 lex
784 2315 871 2364 illa
903 2319 954 2363 6.
986 2314 1106 2364 cod.
1137 2314 1203 2363 de
1236 2314 1383 2365 Patr.

325 2393 448 2441 Pot.
470 2404 574 2440 nou
597 2391 847 2445 declarat,
871 2389 1078 2437 omnino
1101 2388 1382 2453 abdicatio·⁴

320 2484 441 2521 nem
463 2469 706 2519 Romanis
722 2466 774 2516 in
792 2482 886 2516 usu
904 2480 1006 2515 non
1027 2465 1205 2529 fuisse,
1230 2467 1384 2515 immo

320 2546 636 2595 contrarium
673 2544 877 2604 statuit,
908 2542 1186 2605 aliqnando
1221 2543 1378 2591 etiam

321 2624 461 2687 apud
516 2638 607 2672 eos
660 2621 821 2671 fuisse
872 2621 1174 2669 adhibitam.
1242 2620 1386 2670 Dicit

322 2687 461 2749 enim
487 2706 502 2727 ⁶
540 2713 657 2763 quae
689 2699 882 2753 Graeco
918 2711 1062 2746 more
1097 2695 1381 2758 usurpaba-

322 2776 443 2826 tur.'
513 2778 596 2826 Ex
617 2776 804 2839 quibus
827 2775 1000 2823 verbis
1032 2782 1257 2830 constat,
1292 2775 1381 2822 ah-

322 2855 525 2916 dicasse
572 2852 784 2916 quidem
829 2851 1107 2911 Romanos,
1151 2852 1381 2914 quamvis

316 2933 478 2979 uullae
526 2930 731 2995 quidem
778 2928 918 2989 leges
967 2935 1157 2986 esseut,
1199 2927 1384 2991 quibus

320 3006 426 3055 tale
470 3004 595 3069 quid
637 3003 937 3066 parentibus
977 3004 1381 3066 permitteretur.

321 3084 391 3131 Et
431 3082 548 3147 quis
587 3080 845 3142 crederet,
885 3094 1000 3128 cum
1037 3080 1125 3142 jus
1167 3080 1288 3129 vitae
1327 3088 1383 3129 et

316 3161 466 3215 necis
496 3157 735 3222 patribus
769 3154 925 3206 fuerit
950 3157 1381 3217 concessum‚mi·

318 3235 498 3285 norem
529 3232 1018 3283 animadversionem
1048 3233 1110 3283 iis
1146 3240 1382 3296 ereptam

321 3311 483 3361 fuisse
500 3310 529 3359 Ρ.
577 3309 1062 3361 Quare,ridiculum
1085 3317 1167 3358 est
1189 3308 1383 3370 dicere,

321 3389 541 3439 abusum
576 3387 827 3437 Nostrum
860 3384 1020 3434 verbo
1045 3381 1197 3448 juris,
1236 3386 1382 3449 quasi

321 3466 457 3512 solus
483 3469 625 3511 esset
651 3458 835 3511 Victor
854 3470 909 3511 et
935 3476 1035 3510 non
1070 3461 1222 3523 longa
1247 3460 1382 3510 serie

322 3541 425 3595 alii,
461 3538 553 3603 qui
591 3538 931 3597 abdicationis
962 3537 1099 3599 apud
1125 3538 1382 3587 Romanos

322 3614 685 3665 meminerunt.
728 3658 733 3665 ,
768 3613 905 3663 Livii
967 3613 1210 3675 Epitome
1270 3626 1382 3663 nv.

323 3698 348 3743 ‘,
358 3690 517 3752 Domi
540 3703 700 3737 cansa
719 3689 928 3752 cognita
949 3687 1109 3738 filium
1141 3689 1381 3738 condem-

320 3768 461 3816 navit
504 3767 910 3828 abdicavitque.’
987 3766 1225 3815 Lactant.
1260 3766 1382 3814 Div.

321 3844 451 3894 Inst.
489 3847 683 3893 tin-24.
708 3842 889 3891 initio:
930 3843 946 3870 ‘
971 3840 1256 3891 Abdicatus
1292 3842 1380 3892 ab·

314 3919 586 3982 jectosque
623 3931 796 3965 rursus
830 3924 1003 3967 tamea
1038 3915 1383 3982 suscipimus?

322 3997 467 4067 Nihil
515 3996 685 4043 notius
726 3996 866 4056 apud
909 3994 1160 4045 Quinctil.
1212 4009 1378 4057 neque

322 4075 456 4122 enim
488 4075 602 4122 loca
637 4086 898 4133 enumero,
921 4079 977 4121 et
999 4074 1158 4122 otium
1181 4074 1265 4122 hic
1288 4088 1379 4121 uo-

318 4149 399 4198 bis
434 4148 565 4199 fecit
604 4147 875 4196 laudabilis
907 4148 989 4195 illa
1025 4148 1252 4212 quidem,
1287 4149 1376 4197 sed

320 4225 483 4277 sarius
506 4225 658 4273 obvia
676 4224 769 4272 viri
790 4223 1174 4282 consultissimi,
1188 4224 1379 4287 studio.-

327 4313 434 4350 rum
461 4299 716 4363 quondam
740 4298 869 4350 socii
901 4315 1037 4352 nunc
1073 4302 1226 4355 amici
1260 4317 1378 4355 con·

2382 398 2512 474 53].-

1449 557 1783 622 junctissimi.
1831 559 1884 610 J.
1905 559 2083 623 Regu.
2114 558 2363 613 Pronckii
2396 561 2514 611 dili-

1458 635 1634 695 gentia
1657 637 1710 684 in
1733 635 2113 698 elegantissima
2150 637 2515 691 dissertatione

1461 710 1528 759 de
1577 709 1902 761 abdicatione
1958 711 2255 763 liberorum.
2318 712 2515 765 Confer

1457 786 1772 836 Savaronem
1810 787 1874 839 ad
1910 788 2087 839 Sidou.
2121 787 2295 852 Apoll.
2321 804 2398 840 iv.
2431 795 2516 840 23.

1458 873 1516 913 et
1543 864 1795 914 Rittersh.
1829 866 1893 914 ad
1921 866 2150 916 salvian.
2182 874 2321 917 cont.
2353 866 2512 919 Avar.

1461 954 1513 1003 p.
1539 955 1606 991 m.
1631 943 1742 989 164.
1779 928 1951 995 Ama.

1525 1017 1663 1066 Duce
1687 1017 1862 1081 Coelio]
1898 1019 1988 1068 Sic
2021 1025 2075 1068 et
2101 1019 2262 1069 Aldus
2293 1021 2516 1084 scripse·

1460 1101 1559 1143 rat.
1593 1094 2040 1157 Colinaeus,et,alii
2063 1111 2155 1158 per
2175 1113 2218 1145 ιε
2241 1097 2516 1161 diphthon÷

1454 1182 1597 1234 gum,
1620 1170 1781 1236 qualis
1806 1172 2031 1223 varietas
2052 1182 2108 1222 et
2130 1175 2183 1223 in
2207 1182 2377 1228 monte
2397 1177 2514 1225 Coe·

1461 1247 1550 1308 lio,
1570 1248 1636 1295 de
1657 1262 1755 1313 quo
1776 1264 1934 1312 supra
1956 1250 2132 1299 dicere
2154 1251 2378 1301 memini.
2412 1251 2516 1301 Pa-

1457 1322 1642 1373 risinus
1673 1323 1765 1373 lib.
1804 1325 1989 1386 Clodio,
2008 1326 2184 1375 neseio
2211 1327 2334 1391 quid
2359 1326 2424 1376 de
2447 1329 2514 1377 P.

1456 1397 1642 1449 Clodio
1670 1407 1723 1448 et
1756 1400 1990 1451 Graccho
2024 1402 2174 1450 nimis
2206 1404 2517 1466 tempestive

1457 1475 1733 1525 somnians.
1771 1476 1898 1524 Mus.
1949 1477 2113 1527 Cloelio
2148 1477 2516 1544 praeferehant,

1461 1559 1517 1601 et
1540 1551 1926 1611 Halicarnassei
1952 1553 2299 1603 cod.Groecus
2322 1556 2516 1607 Κοιλὼς

1459 1627 1590 1677 edit.
1623 1627 1799 1677 Livius
1819 1642 1942 1679 vero
1962 1629 2185 1686 Cluilius,
2200 1645 2371 1680 errore
2398 1648 2464 1681 ex
2486 1649 2516 1682 o

1460 1710 1518 1752 et
1547 1718 1580 1752 u
1618 1701 1856 1757 affinibus
1890 1712 2030 1766 nato,
2067 1720 2160 1768 pro
2196 1707 2396 1757 Cluilius
2434 1710 2518 1758 vel

1462 1779 1678 1829 Cloels’us.
1721 1780 1928 1841 Schott.
1994 1783 2211 1845 Vulgati
2246 1784 2368 1835 libri‘
2398 1787 2517 1836 duce

1454 1854 1643 1917 ‚caum
1675 1857 1767 1906 aad
1802 1858 1819 1883 ⁴
1844 1857 2078 1913 clauum
2097 1857 2112 1880 ²
2145 1873 2260 1909 cum
2289 1848 2518 1924 Dionys.

1459 1939 1517 1981 et
1539 1933 1649 1989 aliis
1672 1939 1821 1984 vocat
1854 1933 2012 1989 etiam
2046 1933 2222 1995 Sigon.
2247 1938 2328 1983 33.
2353 1939 2434 1984 20.
2459 1944 2518 1988 et

1458 2010 1536 2059 sic
1559 2009 1750 2064 habent
1772 2008 1927 2058 etism
1951 2010 2078 2059 Mss.
2098 2009 2324 2063 Schotti.
2354 2011 2493 2076 Sym.

1522 2085 1739 2149 Bellum]
1770 2087 1949 2149 Rupto
1982 2084 2193 2149 foedere,
2221 2086 2357 2151 quod
2394 2103 2514 2139 cum

1463 2161 1705 2215 Romanis
1739 2163 1901 2224 priori
1931 2176 2063 2211 auno
2097 2172 2297 2224 egerat,
2330 2163 2517 2227 scripti

1457 2247 1576 2287 sunt
1597 2239 1772 2289 Romae
1797 2239 1902 2297 duo
1926 2239 2095 2302 magni
2114 2240 2374 2289 exercitus
2393 2256 2517 2295 eon·

1460 2321 1541 2363 tra
1563 2315 1696 2364 illos.
1727 2316 1895 2365 Maeli.
2191 2380 2194 2385 Ι

1454 2434 1464 2443 .
1527 2392 1592 2448 Q.
1615 2392 1906 2456 Minucium]
1940 2393 1956 2422 ‘
1977 2393 2147 2442 Marci
2167 2390 2183 2414 '
2214 2406 2515 2455 praenomen

1457 2474 1539 2517 est
1576 2467 1629 2515 in
1668 2469 1822 2517 Floro
1849 2476 1915 2523 ,et
1952 2468 2171 2531 Zonara,
2208 2470 2354 2528 male,
2395 2483 2515 2518 cum

1455 2544 1471 2572 ‘
1513 2543 1575 2595 L·
1617 2543 1917 2593 Minucius'
1963 2559 1994 2592 a
2037 2545 2151 2594 Ltv.
2198 2545 2412 2607 Dionys.
2456 2552 2515 2595 et

1457 2619 1765 2682 Capitolinis
1780 2619 1987 2671 Tabulis
2011 2621 2322 2683 appelletur,
2346 2630 2402 2669 ut
2425 2620 2516 2669 ob-

1455 2703 1632 2761 servat
1662 2696 1879 2759 Pighius
1911 2698 1964 2746 in
2001 2697 2189 2753 Annal.
2235 2697 2422 2747 δεήσει.
2456 2704 2514 2747 et

1455 2773 1617 2825 Auno.

1520 2849 1729 2913 Algido]
1800 2851 1921 2899 Cum
1968 2850 2181 2901 exercitu
2222 2848 2514 2912 obaidebant,

1457 2927 1708 2977 Schottus
1731 2926 1899 2976 edidit
1927 2926 1979 2974 in
2008 2927 2195 2990 minori
2217 2926 2343 2975 edit.
2405 2927 2514 2975 Sed

1458 3006 1674 3068 priores·
1698 3019 1848 3055 voces
1890 3005 2126 3053 exsulant
2172 3017 2236 3051 ex
2276 3004 2513 3052 omnibus

1457 3082 1667 3144 scriptis
1705 3086 1762 3129 et
1798 3079 1953 3129 editis
1991 3088 2130 3129 ante.
2194 3080 2368 3131 Quare
2409 3094 2515 3130 non

1457 3159 1798 3219 necessarium
1822 3159 1961 3212 duxi,
1986 3172 2088 3221 quo
2123 3172 2297 3206 carere
2334 3172 2514 3221 posse-

1457 3251 1568 3286 mus
1592 3238 1780 3301 sbsque
1811 3235 1996 3285 damno
2028 3248 2141 3287 cum
2167 3235 2298 3297 Mss.
2322 3235 2375 3283 id
2399 3236 2512 3285 sine

1458 3315 1660 3363 ratione
1685 3312 1979 3362 admittere.
2018 3309 2193 3363 Arntz.

1524 3388 1721 3450 Dictus]
1756 3387 1800 3437 A
1829 3388 2024 3437 Nautio
2057 3388 2283 3437 consule.
2349 3387 2513 3438 Quin-

1456 3479 1558 3528 que
1590 3465 1725 3513 enim
1748 3464 1949 3527 equites
1974 3463 2108 3512 inter
2128 3463 2375 3515 stationes
2397 3464 2514 3512 hos·

1456 3543 1585 3592 tium
1610 3541 1780 3590 emissi
1796 3541 2008 3589 Romam
2033 3541 2312 3602 pertulere,
2329 3554 2512 3588 cousu-

1454 3620 1573 3672 lem,
1587 3618 1970 3682 exercitumque
1989 3618 2040 3666 in
2058 3617 2250 3681 Algido
2268 3616 2511 3676 obsideri.

1459 3696 1619 3744 nach.
1703 3736 1708 3743 .
2066 3688 2071 3697 '

1522 3764 1719 3820 Nudum
1741 3784 1845 3819 eum
1862 3771 2103 3834 arantem]
2142 3769 2221 3818 Ex
2247 3775 2512 3832 praecepto

1456 3848 1603 3909 Virg.
1624 3847 1817 3909 Georg.
1840 3847 1929 3895 lib.
1952 3862 1989 3895 1.
2017 3853 2030 3873 ‘
2054 3847 2236 3894 Nudus
2261 3861 2367 3905 ara,
2389 3860 2511 3895 ,sere

1455 3921 1658 3971 nudus.'
1690 3923 1769 3970 Ex
1794 3923 1877 3970 illo
1898 3922 2116 3971 Hesiodi
2137 3937 2149 3968 ε
2180 3921 2355 3978 Γυμνὸν
2375 3919 2509 3973 σπεί-

1430 4042 1433 4049 2
1452 4016 1567 4061 ρειν,
1587 3997 1769 4059 ’γυμνὸν
1787 3996 1838 4046 δὲ
1858 3999 2074 4058 βοωτεῖν,
2102 3998 2276 4056 Γυμνὸν
2295 3998 2332 4044 δ’
2355 3998 2511 4056 ἀμᾶσ-

1453 4078 1547 4124 θαι·
1604 4075 1799 4125 Nttdum
1825 4087 1997 4133 serere,
2028 4074 2203 4121 nudum
2224 4087 2379 4127 arare,
2404 4073 2514 4121 Nu·
2603 4109 2608 4114 .

1453 4152 1565 4203 dum
1605 4155 1792 4199 metere.
1859 4149 1995 4196 Vide
2036 4149 2271 4196 Persium
2318 4149 2430 4196 Sat.
2472 4161 2514 4196 1.

1456 4227 1641 4277 Schote.
1687 4233 1739 4274 et
1761 4225 1934 4277 ,Amm-
2001 4222 2152 4275 Adde
2198 4225 2397 4274 Eisocr.
2442 4226 2509 4278 ad

1452 4304 1651 4367 Euang,
1677 4302 1871 4353 Matth.
1897 4317 1942 4351 c.
1966 4313 2125 4353 xxiv.
2149 4315 2222 4350 vs.
2244 4304 2385 4352 18.et
2407 4300 2509 4357 Cu-
