3025 4934
619 369 904 422 Auum..
954 368 1149 417 vm‘r.
1221 365 1427 415 omo.
1474 364 1751 416 cuwrls
1801 365 1982 415 nom.
2032 365 2198 415 cm».
2249 362 2362 413 lx.
2448 348 2581 415 463

456 513 599 567 Csr.
613 526 748 565 vm.
787 514 869 578 §8
899 511 1128 563 Pium-ios
1149 509 1327 575 dictos]
1350 508 1453 561 Mi·

392 606 506 643 rum
530 592 672 641 vocis
693 592 710 619 ‘
729 585 1071 639 Potitiorum'
1086 585 1333 650 originem
1350 597 1452 634 non

394 668 647 720 attulisse.
701 666 943 718 Dubitari
961 666 1095 715 enim
1120 670 1314 728 potest,
1334 676 1398 713 an
1422 675 1455 710 a

394 743 665 810 potiendo,
685 758 753 794 an
775 758 808 792 a
832 740 1078 807 potando,
1102 739 1196 790 δια-ὸ
1215 740 1303 789 τοῦ
1319 736 1454 788 ποτί-

393 819 515 885 ζειν,
556 820 703 870 dicti.
744 810 753 831 '
786 819 887 869 Ius
927 818 1064 868 enim
1102 816 1296 867 familia
1336 815 1454 866 huic

392 899 687 948 ministrare
712 896 958 948 debebat.
1011 896 1151 946 Vide
1169 896 1289 946 Pet.
1307 894 1453 945 Nan·

394 973 535 1023 nium
571 973 848 1035 Συμμίκτων
880 972 968 1023 lib.
993 986 1050 1022 v.
1085 978 1141 1022 et
1176 971 1244 1021 de
1278 970 1454 1035 Appio

396 1050 616 1101 Claudio
643 1049 869 1098 Liv01ib.
890 1062 972 1099 ix.
994 1048 1116 1098 Val.
1137 1048 1281 1098 Max.
1301 1048 1393 1097 lib.
1414 1059 1456 1097 1.

394 1144 510 1193 cap.
528 1133 578 1179 1.
601 1136 658 1180 et
681 1128 949 1178 Victorem
972 1134 1202 1178 nostrum
1226 1127 1292 1177 de
1312 1126 1453 1178 Viris

396 1205 701 1257 Illustribus
725 1219 842 1269 cap.
864 1207 948 1256 34.
979 1203 1163 1257 Sason.

460 1285 490 1346 ξ
510 1287 539 1330 5
577 1282 685 1332 Nec
713 1296 807 1331 non
838 1280 1008 1344 etiam]
1037 1280 1192 1331 Hunc
1223 1281 1453 1345 pleonas-

397 1373 536 1408 mum
556 1372 656 1407 non
679 1371 864 1421 sapere
888 1370 1031 1420 purte
1045 1357 1345 1409 Latinitatis
1367 1370 1453 1419 ge·

395 1435 539 1484 nium
574 1433 896 1500 pronuntiat,
922 1434 1009 1500 qui
1042 1447 1211 1498 nuper
1244 1433 1295 1484 in
1321 1433 1455 1487 Ger·

396 1511 571 1561 mania
620 1516 888 1561 auctorem
935 1516 1163 1560 nostrum
1208 1509 1456 1574 vulgavit,

396 1586 698 1639 Junckerus
742 1586 795 1636 in
830 1584 996 1636 Pref.
1061 1585 1167 1636 Sed
1200 1588 1245 1636 si
1277 1600 1455 1636 verum

399 1673 497 1726 est,
519 1663 658 1729 quod
680 1664 792 1727 ipse
814 1663 929 1712 loco
949 1662 1037 1712 illo
1061 1663 1263 1720 statuit,
1279 1663 1455 1726 Virgi-

395 1742 520 1791 lium
556 1743 759 1805 optimo
789 1740 850 1790 L.
879 1741 941 1791 L.
981 1747 1215 1803 tempore
1246 1738 1457 1797 vixisse,

396 1831 500 1868 non
523 1817 626 1867 erit
645 1815 927 1880 rejicienda
951 1815 1063 1866 baec
1086 1814 1304 1872 locutio,
1339 1829 1456 1865 cum

398 1896 596 1947 Noster
614 1908 727 1944 eam
751 1908 819 1944 ex
841 1892 998 1957 ipsius
1021 1891 1191 1958 poetm
1214 1892 1455 1948 lectione,

396 1972 450 2023 in
475 1984 579 2035 quo
605 1977 881 2023 versatum,
898 1967 1054 2018 fuisse
1086 1969 1170 2018 vel
1215 1967 1380 2033 primo
1403 1982 1459 2017 a·

398 2055 586 2113 spectu
600 2053 839 2111 apparet,
853 2045 1079 2095 hausisse
1096 2045 1330 2094 videatur
1346 2059 1364 2105 ς
1383 2045 1460 2094 sic

401 2125 537 2175 enim
575 2125 663 2175 ille
699 2123 895 2187 Georg.
917 2136 982 2173 ιι.
1001 2125 1121 2172 418.
1160 2122 1177 2149 ⁸
1200 2121 1318 2172 Nec
1356 2134 1457 2170 non

401 2203 562 2251 etiam
599 2213 785 2263 aspera
819 2200 956 2251 rusci
992 2199 1199 2249 Vimine
1236 2212 1330 2263 per
1356 2199 1458 2263 syl·

403 2277 557 2331 vam?
608 2277 783 2342 Capit.
807 2268 865 2326 in'
883 2277 1082 2327 Pertin.
1102 2290 1224 2339 cap.
1239 2280 1289 2324 5.
1320 2273 1337 2302 ‘
1355 2273 1458 2325 Pa·

404 2356 497 2405 tris
536 2355 720 2419 patrias
751 2367 940 2403 nomen
977 2353 1195 2416 recepit,
1228 2365 1328 2401 nec
1359 2365 1459 2401 non

404 2430 552 2480 simul
577 2431 731 2481 etiam
755 2429 1024 2494 imperinm
1045 2428 1411 2493 proconsulare
1429 2425 1464 2476 ε’

400 2520 457 2559 et
481 2510 744 2573 Spartian.
767 2509 820 2557 in
842 2507 967 2559 SeV.
989 2521 1107 2570 cap.
1129 2510 1180 2556 9.
1214 2505 1230 2532 ‘
1249 2505 1460 2556 Pertbis

405 2588 566 2638 etiam
591 2587 647 2636 in
676 2586 922 2635 ditionem
954 2583 1197 2646 redactis,
1228 2597 1329 2642 nec
1355 2597 1466 2657 non.

402 2660 903 2719 etiam,Adiabenis.'
934 2660 1109 2710 ΑΜΖ.

468 2742 497 2804 ς
519 2744 554 2789 6
587 2741 727 2788 Intra
747 2738 850 2789 dies
870 2737 1100 2801 triginta]
1135 2736 1270 2787 Vide
1294 2736 1466 2789 Coler.

405 2816 470 2865 ad
494 2817 669 2871 Valet.
691 2816 851 2873 Max.
868 2815 958 2864 111).
984 2829 1023 2864 ι.
1052 2829 1169 2879 cap.
1194 2819 1242 2865 1.
1276 2830 1362 2869 ex.
1387 2819 1466 2864 17.

406 2903 461 2944 et
482 2895 633 2944 Serv.
658 2893 722 2943 ad
746 2893 890 2956 Virg-
914 2892 1028 2943 AEu.
1046 2905 1169 2943 vui.
1184 2897 1301 2942 269.
1364 2893 1464 2947 Eo,-

402 2971 522 3020 dem
541 2979 713 3023 autem
727 2970 861 3020 libro
884 2971 947 3018 ad
975 2984 1050 3018 vs.
1066 2973 1178 3020 179.
1193 2970 1325 3025 mele
1342 2969 1464 3018 scri·

403 3046 549 3096 bitur
581 3045 786 3107 familia
822 3047 1150 3102 Pinariorum,
1184 3061 1301 3096 cum
1350 3058 1465 3096 esse

405 3123 627 3172 deberet
651 3122 963 3172 Potitiorum.
1000 3121 1189 3172 Arntz.

469 3197 748 3260 Resedisse]
773 3198 973 3248 Redisse
995 3201 1046 3251 in
1070 3214 1232 3263 marg.
1255 3197 1468 3250 volebat

398 3276 604 3326 Schott.
660 3276 772 3338 Ego
797 3275 988 3335 nullam
1012 3276 1165 3326 video
1185 3276 1467 3340 rationem3

396 3367 567 3416 ,quare
610 3352 840 3403 resedisse
881 3352 1108 3415 retineo,
1145 3352 1282 3418 qnod
1317 3352 1466 3403 idem

406 3437 490 3480 est
525 3443 585 3478 ac
622 3430 637 3455 ‘
664 3427 966 3478 remansisse
983 3432 1015 3490 ς’
1050 3428 1289 3479 Pinsrios
1326 3428 1468 3479 dein-

405 3521 534 3570 ceps,
571 3506 850 3555 retinuisse
884 3520 1056 3554 euram
1084 3505 1263 3556 horum
1296 3519 1468 3556 secro-

407 3599 542 3637 rum·
608 3583 840 3633 Martial-
871 3583 1052 3646 Epigr.
1075 3595 1152 3632 tv.
1177 3586 1258 3632 13.
1293 3584 1309 3612 ⁴
1334 3582 1467 3634 Cun-

406 3663 532 3714 dida
557 3668 812 3726 perpetuo
845 3661 1019 3717 reside
1054 3660 1333 3711 concordia
1363 3662 1467 3711 lec-

408 3738 501 3788 to!
556 3738 725 3787 Tacit.
749 3736 886 3785 Anu.
903 3749 983 3785 ιν.
1002 3740 1085 3784 55.
1117 3738 1133 3764 ‘
1156 3736 1354 3800 Lydum
1380 3750 1468 3800 pa-

409 3814 529 3864 triis
554 3814 607 3863 in
632 3813 783 3875 terris
810 3810 1097 3862 resedisse.'
1129 3812 1307 3865 Arulz.

474 3891 642 3940 Etiam
660 3888 863 3953 pietate]
886 3890 1000 3952 Ego
1022 3889 1147 3939 nibil
1169 3896 1331 3955 muto,
1352 3905 1468 3941 eum

412 3966 717 4031 praecedens
749 3966 980 4027 religione
1011 3974 1237 4031 receptas
1260 3968 1469 4019 lectioni

411 4045 622 4095 faveat:
659 4044 842 4108 religio
875 4045 1012 4097 euim
1049 4055 1130 4096 est
1156 4045 1327 4109 justus
1368 4061 1472 4097 me·

415 4131 498 4172 tus
520 4120 778 4178 Numinis,
801 4120 887 4184 qni
912 4121 1115 4175 debitas
1148 4137 1179 4171 u
1210 4124 1472 4186 peccanti-

413 4198 511 4247 bns
547 4198 710 4262 exigit
748 4212 946 4260 poenas,
979 4198 1209 4264 adeoque
1235 4214 1333 4248 vox
1356 4200 1471 4250 haec

415 4275 467 4322 in
488 4289 544 4324 se
581 4274 815 4324 timorem
845 4274 1097 4325 continet.
1162 4274 1304 4326 Hinc
1336 4279 1351 4305 ‘
1377 4291 1472 4341 per

1528 507 1765 561 timorem
1826 508 2124 572 religionem
2176 506 2352 560 nasci’
2402 508 2588 561 scribit

1527 585 1737 636 Servius
1759 586 1824 635 ad
1846 586 1994 650 Virg.
2014 587 2129 639 AEn.
2153 601 2259 636 vn.
2278 589 2361 637 60.
2383 592 2439 636 et
2462 601 2588 637 vm.

1526 665 1642 712 849.
1723 662 1920 714 Contra
1952 664 1969 690 ‘
1995 662 2192 728 pietss’
2233 677 2459 715 amorem
2496 678 2587 729 pa-

1529 745 1753 798 ternum,
1775 741 1917 792 nullo
1940 748 2083 792 metu
2121 747 2211 792 aut
2246 741 2430 792 timore
2460 736 2589 792 eon·

1517 817 1781 882 junctum,
1802 817 2054 880 designat.
2104 818 2297 868 Sensus
2314 819 2472 883 igitur
2491 819 2584 869 hu-

1519 893 1608 958 jus
1630 894 1731 943 loci
1757 894 1878 954 erit,
1901 894 2140 945 Pinarios
2166 894 2278 945 baec
2298 909 2449 946 sacra
2469 909 2586 946 cus-

1530 970 1745 1035 todisse,
1766 984 1868 1020 non
1893 979 1995 1021 tam
2020 969 2157 1036 quod
2180 974 2417 1034 exemplo
2439 971 2588 1023 Poti-

1530 1047 1720 1098 tiorum
1757 1045 1953 1104 edocti,
1990 1053 2295 1111 praesentem
2324 1047 2447 1097 irati
2480 1048 2589 1098 Dei

1531 1122 1809 1173 vindictam
1829 1120 1897 1172 ob
1933 1122 2123 1173 violata
2151 1137 2302 1173 sacra
2322 1125 2588 1186 timerent,

1527 1198 1654 1265 (boc
1694 1198 1833 1249 enim
1875 1213 1970 1263 per
2000 1199 2017 1227 ‘
2041 1199 2372 1265 religionem'
2413 1202 2587 1265 expri-

1528 1291 1674 1327 mere
1695 1276 1901 1328 videtur
1922 1276 2146 1342 Noster)
2166 1292 2319 1343 quem
2340 1276 2477 1342 quod
2501 1279 2590 1342 pio

1529 1354 1675 1406 cultu
1695 1354 1938 1405 Herculis
1961 1354 2173 1421 Numen
2210 1369 2589 1420 prosequeren-

1531 1438 1634 1483 tur.
1700 1432 1858 1483 Forte
1880 1446 1975 1498 pro
1996 1435 2186 1483 edoctos
2206 1432 2339 1483 hand
2364 1433 2589 1484 absurde

1530 1523 1808 1574 reponeres
1831 1512 2077 1561 adductos.
2115 1509 2302 1561 Arntz.

1600 1587 1899 1651 Custodisse]
1918 1587 2075 1637 Unde
2094 1587 2209 1638 haec
2232 1586 2426 1639 familia
2440 1587 2588 1639 audit

1529 1666 1547 1697 ‘
1572 1674 1746 1717 custos
1778 1666 2032 1717 Herculei
2063 1665 2227 1717 saeri’
2260 1666 2398 1731 apud
2436 1666 2587 1731 Virg.

1534 1743 1651 1795 AEn.
1672 1748 1933 1795 vimmo.
1967 1751 2023 1794 et
2040 1744 2286 1795 Mamert.
2310 1746 2362 1795 in
2388 1739 2606 1807 paneg(

1531 1822 1751 1872 Maxim.
1789 1822 1958 1872 Herc.
1994 1835 2042 1872 c.
2063 1834 2103 1871 ι.
2142 1823 2243 1884 §8.
2294 1824 2310 1847 ‘
2338 1820 2590 1870 Herculei

1533 1898 1668 1948 sacri
1688 1905 1862 1947 custos
1884 1895 2080 1946 familia
2101 1895 2350 1947 Pinaria!
2366 1892 2543 1947 Aristan

1600 1972 1741 2024 CAP.
1764 1985 1849 2023 11.
1901 1974 1980 2037 §1
2018 1973 2125 2022 Nec
2160 1987 2252 2021 nou
2290 1972 2363 2036 et]
2400 1971 2589 2037 Neque

1531 2050 1670 2100 bunc
1691 2049 2042 2113 pleonasmum
2064 2047 2295 2098 admittit
2325 2050 2378 2098 in
2405 2046 2595 2112 praefa··

1536 2127 1677 2177 tione
1710 2124 2005 2176 sus‘editor
2039 2125 2352 2185 Germanus,
2383 2125 2462 2174 uti
2496 2139 2593 2175 nec

1536 2202 1772 2265 superius
1812 2201 1937 2251 illud
1978 2217 2063 2252 uec
2097 2217 2191 2251 non
2225 2202 2401 2253 etiam.-
2432 2201 2592 2253 babet

1535 2279 1695 2327 etiam
1729 2278 1864 2329 huuc
1902 2291 1970 2327 ex
2004 2278 2229 2329 lectione
2253 2278 2460 2340 Virgilii
2495 2279 2595 2341 sui,

1534 2356 1700 2419 quiin
1722 2369 1784 2405 ea
1806 2356 2069 2407 locutione
2104 2355 2348 2420 frequens
2382 2365 2496 2407 est:
2532 2365 2594 2406 ut

1534 2432 1652 2482 AEu.
1674 2445 1717 2482 1.
1733 2434 1851 2483 752.
1883 2434 1899 2461 ‘
1922 2432 2035 2483 Nec
2057 2446 2159 2482 non
2196 2440 2254 2483 et
2291 2433 2435 2483 vario
2467 2447 2594 2482 noc·

1537 2515 1642 2560 tem
1666 2524 1899 2560 sermone
1923 2508 2203 2561 trahebat.’
2248 2510 2319 2559 Et
2341 2523 2465 2559 vm.
2479 2513 2596 2561 451.

1534 2585 1551 2612 ‘
1579 2586 1695 2637 Nec
1723 2600 1824 2636 non
1847 2593 1905 2636 et
1926 2585 2118 2648 gemini
2140 2586 2386 2636 custodes
2418 2585 2594 2637 limine

1535 2663 1604 2713 nb
1626 2662 1767 2714 alto!
1834 2662 1989 2713 Adde
2009 2663 2202 2726 Georg.
2224 2676 2263 2713 1.
2282 2666 2397 2712 212.
2427 2676 2495 2712 11.
2515 2667 2597 2712 53.

1538 2748 1593 2789 et
1611 2745 1728 2790 451.
1762 2740 1877 2790 AEn.
1901 2754 2001 2790 vu.
2019 2742 2136 2790 521.
2167 2753 2251 2790 lx.
2269 2743 2385 2789 310.
2401 2747 2458 2790 et
2480 2752 2594 2803 pas·

1535 2816 1635 2866 sim
1688 2816 1829 2867 alibi.
1912 2817 2052 2869 Quin
2098 2817 2261 2866 etium
2313 2823 2595 2880 perpetuus

1538 2893 1740 2958 Virgilii
1776 2892 1853 2942 sui
1892 2892 2124 2943 imitator
2158 2892 2316 2942 Silius
2345 2891 2471 2942 Ital.
2502 2891 2595 2940 lib.

1533 2983 1606 3019 ιι.
1644 2985 1778 3020 vers.
1811 2974 1927 3020 482.
1977 2971 1994 2998 ⁴
2020 2969 2138 3019 Nec
2177 2982 2280 3018 nou
2319 2977 2374 3018 et
2405 2969 2595 3017 laevum

1538 3046 1711 3110 clypei
1747 3048 1884 3096 latus
1919 3035 2103 3107 §spera
2140 3044 2300 3107 signis
2337 3043 2599 3106 Implebet

1537 3124 1796 3186 Spartana
1836 3118 2056 3172 cohors.’
2140 3120 2365 3171 Consule
2417 3120 2599 3182 prtesi-

1535 3200 1680 3255 ‚dium
1720 3208 1776 3251 et
1817 3200 1972 3251 dulce
1997 3200 2158 3249 decus
2191 3204 2424 3247 nostrum
2464 3197 2596 3246 Dra-

1539 3278 1698 3329 kenb.
1736 3277 1802 3327 ad
1840 3277 1937 3328 Sil.
1973 3276 2097 3327 Ital.
2129 3278 2384 3325 xiv.203·
2446 3272 2598 3324 Judi-

1542 3355 1679 3406 cium
1716 3354 1874 3418 igitur
1913 3354 1979 3404 de
2015 3354 2114 3404 hac
2148 3351 2412 3403 locutione
2447 3350 2599 3400 nimis

1539 3445 1800 3493 severum,
1827 3430 1870 3480 si
1902 3429 2156 3496 poeticam
2181 3442 2295 3478 esse
2318 3427 2601 3478 dictionem

1543 3508 1810 3572 voluisset,
1843 3498 1945 3557 n'ou
1983 3519 2300 3571 magnopere
2342 3519 2599 3569 repugna·

1540 3597 1671 3645 rem,
1688 3583 1921 3648 quamvis
1945 3583 2010 3632 ab
2033 3597 2098 3632 ea
2118 3588 2292 3634 temen
2314 3596 2419 3632 non
2439 3581 2605 3632 absti-

1543 3666 1770 3711 nuerunt
1812 3673 2001 3724 prosae,
2044 3657 2138 3708 sed
2181 3657 2434 3723 sequioris
2483 3659 2603 3719 aevi,

1543 3737 1845 3801 scriptores.
1923 3736 2071 3786 Suet.
2109 3735 2160 3783 in
2193 3735 2414 3798 Vespas.
2436 3748 2604 3784 xvm.

1544 3818 1594 3864 8.
1628 3816 1645 3842 ‘
1668 3815 1991 3864 Praestantes
2029 3813 2232 3877 poetes,
2270 3825 2368 3862 nec
2407 3824 2509 3862 nou
2548 3819 2604 3860 et

1545 3890 1772 3942 artifices
1815 3888 2040 3940 coenni&
2131 3890 2273 3941 Flor.
2305 3900 2393 3938 m.
2431 3894 2481 3937 5.
2519 3891 2602 3936 29.

1547 3975 1561 3997 ‘
1582 3969 1697 4019 Nec
1725 3983 1827 4018 non
1864 3975 1919 4018 et
1949 3969 2000 4017 iu
2035 3966 2300 4017 meridiem
2333 3979 2482 4016 verso
2514 3980 2600 4028 sg-

1546 4043 1719 4106 miness,
1798 4045 1937 4097 Just.
1970 4058 2047 4094 lv.
2082 4048 2128 4093 1.
2163 4048 2210 4092 8.
2258 4055 2337 4091 vr.
2371 4045 2421 4090 3.
2460 4045 2512 4090 2.
2547 4048 2604 4092 et

1548 4135 1711 4173 xxix.
1742 4126 1792 4173 4.
1820 4126 1870 4171 8.
1922 4119 2123 4171 Arnob.
2156 4117 2294 4168 Λᾶν.
2326 4117 2487 4170 Gent.
2522 4132 2600 4168 iv·

1548 4213 1599 4263 p.
1618 4200 1732 4247 151.
1758 4204 1774 4227 ⁸
1793 4198 1844 4248 N
1850 4212 1910 4247 ec
1931 4211 2031 4246 non
2056 4203 2112 4245 et
2128 4196 2216 4245 illa
2232 4195 2403 4259 proles
2418 4194 2607 4246 Jovis:

1548 4274 1727 4326 Celsus
1775 4275 1844 4327 de
1888 4274 1999 4325 vit.
2037 4273 2169 4324 Caes.
2208 4276 2406 4341 p.,209.
2446 4272 2601 4322 ‘Nee
