3025 4934
536 589 624 641 El.
657 601 698 639 1.
717 591 768 638 6.
793 588 843 637 1.
910 584 1127 635 Frustrs
1148 582 1395 633 dissentit
1414 581 1599 647 Sciop-

532 670 657 731 pius
681 665 851 716 Veris.
874 677 943 713 ιι.
963 668 1014 712 8.
1053 676 1206 728 quem
1228 676 1344 711 cum
1369 661 1481 723 ipsa
1503 674 1603 716 res,

538 753 655 794 tum
686 750 1012 807 posterorum
1059 740 1283 789 onmium
1338 738 1604 788 convincit

541 819 848 884 auctoritas,
879 823 937 868 et
975 818 1072 867 boc
1117 817 1233 867 loco
1270 816 1437 867 nostri
1474 817 1605 866 Mss.

543 898 722 946 Arntz.

608 976 638 1038 ς
660 976 692 1020 8
717 972 837 1022 Post
848 970 1066 1036 quintum
1085 967 1341 1032 decim]
1365 969 1606 1025 Quartum

540 1051 773 1101 decimus
810 1048 1119 1099 confirmant
1145 1045 1264 1096 edd.
1296 1054 1349 1095 et
1382 1047 1511 1095 Mss.
1533 1045 1606 1110 (si

540 1141 576 1175 a
601 1124 745 1175 Leid.
769 1128 819 1175 2.
840 1121 1167 1186 discesseris)
1191 1122 1281 1186 qui
1303 1122 1462 1171 ctiam
1485 1136 1606 1171 mox

541 1202 714 1251 occidit
749 1202 1171 1264 amplectuutur:
1208 1212 1365 1262 supra
1403 1200 1455 1248 iu
1492 1199 1607 1248 (2ae-

543 1293 647 1328 sar.
661 1281 874 1341 capull.
895 1279 922 1342 §
938 1281 1020 1326 11.
1039 1278 1056 1307 ⁴
1074 1276 1204 1326 Cum
1222 1284 1347 1326 natu
1364 1274 1610 1339 grandior

543 1355 912 1421 patrisjudicio
931 1352 1242 1404 occidisset.’
1266 1353 1423 1404 Ovid.
1438 1354 1612 1417 Epist.

547 1432 686 1483 Her.
702 1443 806 1481 vn.
827 1433 942 1480 118.
965 1434 981 1457 ⁸
1007 1429 1222 1479 Occidit
1239 1430 1468 1480 internas
1489 1443 1611 1504 conf

540 1508 642 1574 jux
667 1515 921 1559 mactatus
945 1507 1011 1556 ad
1050 1521 1164 1556 aras
1181 1504 1216 1554 ε’
1250 1517 1307 1556 ct
1330 1507 1506 1556 multis
1538 1506 1614 1555 lo·

552 1587 650 1637 cis.
686 1588 861 1636 Arate.

613 1658 1117 1724 Praecs'pueforensem
1132 1658 1443 1722 indum-ima]
1457 1658 1613 1724 Equi·

552 1737 670 1788 dem
708 1737 849 1802 quod
881 1736 947 1785 ad
970 1736 1363 1786 caussidiciuam
1405 1739 1616 1791 attinet,

539 1817 596 1865 ·si
636 1815 754 1864 talis
798 1813 898 1863 fuit
936 1821 1172 1876 tempore
1206 1812 1412 1870 Licinii,
1449 1813 1615 1877 qualis

542 1900 639 1942 ·est
659 1891 834 1954 hodie,
850 1890 973 1955 jure
1005 1890 1190 1939 merito
1214 1890 1419 1939 vocavit
1440 1895 1619 1952 pestes·

542 1971 803 2035 pum.
862 1969 1001 2018 Nam
1017 1968 1139 2030 quid
1158 1967 1297 2016 alind
1313 1981 1486 2033 quoeso
1499 1967 1618 2017 est?

558 2049 761 2097 Gnter.
825 2043 1000 2094 Amm.
1029 2044 1370 2094 Marcellinus
1392 2057 1536 2094 xxx.
1569 2047 1619 2094 4.

562 2122 740 2173 Arntz.

605 2201 635 2260 §
654 2202 687 2248 9
702 2195 998 2260 Agroi-ibus]
1015 2195 1242 2245 Horrida
1255 2210 1358 2245 vox
1375 2202 1427 2246 et
1446 2210 1621 2260 agres-

471 2308 476 2314 ·
552 2276 642 2333 tis,
676 2288 778 2339 qna
821 2272 1045 2323 offensus
1084 2271 1389 2328 Frobenius,
1428 2286 1622 2334 agran-

542 2352 601 2398 's's
637 2349 918 2411 impressit.
943 2347 1129 2396 Schott.
1189 2344 1462 2407 Agr-aribus
1496 2362 1624 2412 quo·

543 2429 659 2489 ·que
676 2425 804 2473 Mss.
821 2438 927 2472 non
940 2422 1172 2484 agrariis,
1190 2423 1268 2472 uti
1284 2422 1623 2473 substitutum

558 2502 610 2551 in
657 2500 902 2550 Frobenii
939 2501 1045 2554 ed„
1084 2500 1222 2562 quod
1268 2497 1626 2550 offenderetur

556 2592 689 2627 voce
713 2577 898 2626 altera.
942 2576 1091 2625 ΟΜ.
1154 2576 1388 2638 Agros-iis
1414 2576 1536 2626 edd.
1571 2585 1627 2626 at

550 2656 692 2705 ‘Mss.
725 2654 982 2717 agraribus
1001 2652 1139 2717 quod
1163 2654 1325 2715 magis
1348 2655 1542 2719 placet,
1558 2656 1625 2704 ob

552 2733 705 2783 vocis
743 2731 1110 2780 rusticitatem.
1142 2732 1304 2781 Anna.
1368 2732 1436 2781 Et
1465 2732 1628 2782 nostri

552 2812 691 2860 ‘Mss-
734 2810 935 2859 *Levior
958 2808 1183 2856 mutatio
1206 2817 1286 2858 est
1309 2807 1432 2874 (uec
1453 2816 1628 2858 tamen

564 2888 865 2936 mutandum
896 2883 1078 2947 credo)
1110 2884 1369 2946 agr-alioue,
1389 2899 1507 2950 quae
1528 2900 1629 2937 vox

554 2965 665 3029 ‘jam
687 2970 814 3014 nota
837 2962 1240 3026 lexicograpbis.
1258 2962 1435 3013 Arutz.

625 3044 655 3107 ς
679 3047 740 3092 16
776 3041 965 3097 Tinctis,
989 3039 1275 3103 soricesque]
1310 3042 1380 3090 Et
1405 3040 1630 3091 Linden-

560 3120 805 3170 brocbius
828 3118 894 3167 ad
921 3120 1092 3168 Anum.
1116 3119 1483 3169 Marcellinum
1509 3132 1633 3170 xiv.

555 3201 649 3247 ·1l.
682 3196 857 3247 Arate.

631 3272 818 3321 Fausta
850 3270 1049 3333 conjuge
1082 3272 1390 3337 suggerente]
1432 3272 1633 3338 Apolli-

565 3351 707 3398 naris
753 3349 922 3413 Epist.
962 3363 1013 3400 v.
1053 3352 1102 3399 8.
1158 3355 1174 3379 ‘
1202 3350 1320 3400 Nou
1363 3349 1634 3413 figuratius

567 3425 903 3476 Constantini
941 3425 1149 3475 domum
1191 3427 1454 3495 vita-mque
1495 3427 1635 3476 side·

567 3511 656 3553 tur
679 3502 759 3551 vel
784 3502 1067 3566 pupugisse
1091 3516 1242 3552 versu
1274 3504 1494 3567 gemello
1517 3519 1638 3554 con·

570 3580 649 3628 sul
673 3578 923 3628 Ablavius
948 3580 1031 3628 vel
1055 3579 1391 3630 momordisse
1417 3582 1639 3632 disticho

560 3657 665 3707 tali
698 3658 831 3707 clam
855 3649 1107 3709 Palatinis
1140 3656 1335 3709 foribus
1371 3674 1641 3723 appenso:

566 3735 587 3763 ‘
608 3735 821 3785 Saturni
846 3750 1007 3784 aurea
1040 3737 1198 3785 secla
1226 3737 1340 3800 quis
1373 3729 1639 3801 requirat?

564 3810 706 3860 Sunt
743 3810 853 3859 baec
892 3825 1129 3874 gemmea
1171 3812 1263 3862 sed
1306 3812 1642 3863 Neroniana-²

560 3889 716 3940 Quia
734 3890 938 3941 scilicet
956 3891 1240 3954 praedictus
1259 3891 1529 3955 Augustus
1552 3892 1641 3941 iis·

573 3966 693 4017 dem
713 3967 822 4016 fere
838 3969 1163 4032 temporibus
1178 3970 1505 4019 exstinxerat
1519 3985 1642 4019 cou-

560 4042 749 4106 jugem
773 4044 1012 4093 Faustam
1048 4045 1221 4094 calore
1256 4044 1445 4103 balnei,
1480 4046 1642 4096 filium

574 4119 816 4182 Crispum
840 4118 1032 4183 frigore
1057 4120 1282 4173 veneni)
1317 4122 1500 4190 Scltott.
1558 4123 1644 4174 Ibi

563 4197 922 4245 ·cousuleudus
960 4198 1154 4247 Savaro
1199 4205 1255 4248 et
1299 4199 1534 4265 Scaliger
1577 4199 1642 4250 ad

577 4273 791 4324 Eusebii
815 4274 1007 4324 ebron.
1033 4290 1084 4338 p.
1106 4279 1222 4325 250.
1255 4276 1432 4327 Arutz.

649 4351 863 4402 Hei-bam
879 4352 1217 4419 parietariam]
1247 4354 1265 4382 ‘
1285 4354 1610 4407 Parietinam
1629 4354 1645 4379 ’

1234 437 1456 489 1³01·AE
1505 434 1914 487 vammum
1935 469 1942 476 -
1964 436 2046 486 m

1675 580 1849 632 Amm.
1868 580 2209 633 Marcellinus
2230 578 2323 632 lib.
2343 591 2533 631 xxvn.
2560 578 2743 631 &sote

1742 657 1919 708 Stadia
1963 659 2260 722 litterarum]
2325 658 2435 708 Pro
2489 658 2746 719 legationes

1678 737 1951 799 supposuit
1986 736 2169 797 legatos
2204 735 2355 785 Leid.
2390 738 2439 784 2.
2474 750 2576 785 non
2610 736 2747 798 cogi-

1681 819 1795 860 tans
1818 810 1934 861 haec
1959 812 2034 861 ita
2058 811 2203 875 poni,
2231 818 2293 861 ut
2321 817 2338 843 ⁸
2367 812 2587 862 servitia
2605 811 2623 836 '
2653 826 2748 877 pro

1678 889 1865 950 servis,
1889 891 1906 918 ⁸
1923 891 2246 939 matrimonia
2261 887 2276 911 ’
2296 904 2395 954 pro
2416 890 2681 952 uxoribus,
2694 896 2749 940 et

1679 966 1887 1015 similia.
1945 965 2123 1015 Cesar
2146 967 2285 1016 Bell.
2301 967 2447 1021 Gall.
2470 981 2510 1017 1.
2530 972 2616 1018 84.
2647 976 2663 999 ‘
2688 968 2750 1017 Ei

1680 1042 1932 1106 legationi
1956 1042 2249 1093 Ariovistus
2275 1041 2588 1107 respoudit.’
2642 1045 2752 1094 Ne-

1681 1134 1775 1184 pos
1799 1121 2036 1186 Epamin.
2066 1135 2111 1169 c.
2133 1125 2182 1170 7.
2207 1123 2235 1186 §
2257 1126 2307 1170 4.
2338 1122 2355 1149 ‘
2372 1121 2491 1172 Quo
2510 1134 2628 1170 cum
2646 1135 2745 1171 om·

1684 1198 1825 1248 nium
1869 1200 2124 1249 sociorum
2165 1199 2536 1248 convenissent
2578 1198 2752 1262 legati,

1685 1288 1859 1328 coram
1871 1275 2619 1342 frequentissimolegationum
2636 1287 2754 1326 con-

1686 1353 1846 1401 ven'tu
1878 1355 1955 1403 sic
1991 1354 2503 1404 Lacedaemoniorum
2526 1353 2756 1418 tyranni·

1688 1428 1804 1477 dem
1830 1428 2109 1492 coarguit!
2160 1430 2378 1479 Tacitus
2404 1429 2550 1480 Hist.
2575 1443 2654 1479 tv.
2675 1432 2755 1479 68.

1688 1506 2053 1555 ‘Trevirorum
2077 1507 2272 1571 legatio
2305 1499 2413 1556 illic
2445 1506 2754 1571 opperieba-

1690 1582 1813 1632 tur.'
1868 1582 2071 1635 Justin.
2092 1597 2221 1634 vm.
2244 1586 2294 1633 4.
2319 1585 2418 1648 §8.
2477 1584 2496 1614 ⁴
2519 1583 2646 1633 Non
2669 1595 2756 1646 pa-

1690 1661 1767 1710 cis
1793 1674 1990 1723 amore,
2007 1661 2098 1710 sed
2126 1660 2245 1709 belli
2270 1668 2435 1720 metu,
2466 1661 2753 1724 legationes

1689 1736 1916 1787 venere?
1951 1749 2087 1787 xxx.
2108 1740 2158 1786 3.
2182 1737 2210 1801 ξ
2231 1742 2280 1787 6.
2303 1742 2358 1787 et
2386 1736 2669 1786 Tennnlius
2691 1735 2754 1785 ad

1693 1812 1926 1864 Frontiu.
1948 1826 1989 1862 1.
2011 1816 2060 1862 2.
2083 1827 2167 1863 ex.
2193 1817 2240 1864 1.
2278 1813 2464 1863 Paullo
2487 1820 2609 1877 post
2637 1812 2759 1862 Dal·

1691 1890 1839 1938 natio
1861 1889 2043 1938 volunt
2069 1889 2219 1938 codd.
2235 1897 2290 1939 et
2307 1889 2560 1952 sic-supra
2575 1889 2630 1938 in
2646 1889 2758 1940 Cn·

1693 1966 1894 2014 saribus
1908 1965 2102 2026 editur,
2118 1967 2295 2016 nescio
2311 1966 2634 2016 librariorum
2652 1967 2759 2016 cul·

1691 2056 1780 2104 pa,
1818 2055 1885 2090 an
1925 2043 2175 2092 auctoris.
2219 2039 2412 2092 'Aliter
2451 2043 2538 2093 bic
2582 2056 2758 2093 omues

1691 2119 1839 2176 editi,
1860 2129 1916 2169 et
1938 2134 2061 2167 vere
2094 2119 2158 2168 ad
2190 2133 2422 2170 nummos
2446 2120 2491 2169 si
2514 2134 2761 2185 provoce-

1692 2211 1807 2246 mus
1829 2196 1966 2260 apud
1991 2196 2260 2246 Oeconem
2294 2205 2349 2247 et
2382 2198 2631 2261 reliquos,
2660 2211 2762 2245 mo-

1692 2282 1853 2323 nente
1883 2274 1940 2323 id
1982 2275 2139 2323 etiam
2176 2273 2486 2337 Spanliemio
2520 2274 2665 2325 Diss.
2686 2286 2767 2323 κε.

1695 2351 1762 2402 de
1783 2353 1898 2402 Usu
1921 2352 2180 2402 Numism.
2202 2368 2257 2416 p.
2277 2358 2393 2403 266.
2427 2353 2603 2404 Arntz.

1760 2432 1790 2494 ᾧ
1828 2433 1891 2479 16
1936 2429 2138 2479 stannea
2172 2430 2352 2494 decem]
2401 2431 2465 2481 In
2508 2430 2763 2496 aliquibus

1696 2505 2082 2569 exemplaribus
2119 2506 2318 2570 aspirat
2350 2507 2576 2556 mediam
2610 2508 2767 2571 sylla-

1693 2582 1816 2630 bam
1865 2582 2118 2639 stechela,
2163 2583 2299 2631 sicut
2357 2584 2497 2647 apud
2551 2583 2764 2633 Festum

1696 2660 1714 2688 ⁶
1739 2655 2020 2713 Trachali-⁹
2083 2658 2262 2707 Decem
2305 2666 2480 2708 autem
2524 2659 2670 2722 anni,
2711 2666 2768 2709 et

1699 2737 1957 2791 duodecim,
1983 2743 2039 2784 et
2062 2737 2238 2797 decem,
2264 2735 2508 2785 videntur
2531 2749 2647 2785 esse
2678 2737 2766 2786 tri·

1702 2814 1845 2875 ginta
1886 2812 1990 2861 duo
2032 2812 2154 2861 anni
2197 2811 2348 2875 hujus
2391 2811 2630 2875 imperiis
2680 2810 2766 2876 qui

1702 2888 1920 2951 triginta
1954 2887 2119 2937 solnm
2155 2902 2310 2953 supra
2344 2888 2606 2938 numerati
2631 2895 2767 2936 sunt.

1704 2964 1807 3015 Sed
1832 2965 1917 3013 bic
1940 2966 2147 3014 variant
2166 2974 2223 3016 ct
2255 2973 2493 3014 auctores
2516 2971 2576 3014 ct
2597 2978 2767 3013 exem·

1705 3044 1887 3106 platin,
1928 3044 2064 3093 sicut
2100 3042 2387 3092 monuimus
2419 3043 2472 3091 in
2508 3055 2768 3092 commen-

1705 3119 1840 3167 tario
1878 3118 2138 3181 Eutropii.
2179 3118 2338 3168 Vinet.
2406 3118 2564 3168 Hunc
2598 3120 2768 3169 locum

1706 3194 1858 3244 multi
1893 3208 1994 3243 nou
2034 3194 2434 3254 intellexerunt3
2472 3208 2650 3259 neque
2679 3196 2770 3243 mi-

1708 3285 1839 3328 rum,
1862 3284 1978 3319 cum
2016 3270 2174 3320 variis
2209 3268 2602 3321 difficultatibus
2636 3271 2773 3321 labo·

1710 3353 1827 3397 ret:
1864 3347 1930 3395 de
1955 3361 2083 3397 voce
2104 3347 2121 3374 ‘
2141 3347 2421 3398 Trachala’
2455 3363 2550 3412 per
2570 3348 2774 3398 litteras

1711 3422 1980 3474 Sirravius
2016 3424 2273 3474 consuluit
2294 3424 2629 3487 salmasium,
2661 3439 2774 3489 quae

1712 3510 1916 3551 exstant
1938 3503 1989 3551 in
2013 3503 2335 3552 Sarraviauis
2366 3503 2615 3566 Epistolis
2638 3519 2778 3555 num.

1711 3584 1793 3630 77.
1814 3584 1896 3627 80.
1932 3586 1985 3628 et
2012 3583 2095 3628 81.
2161 3579 2502 3630 Ille-volebat
2536 3583 2779 3645 τρόχαλα.

1715 3665 1772 3706 ut
1796 3655 1977 3705 allusio
1998 3656 2151 3705 fieret
2175 3656 2238 3705 ad
2265 3665 2446 3707 ternas
2472 3660 2589 3710 illas
2611 3668 2783 3709 muta-

1714 3732 1921 3792 tiones;
1964 3731 2008 3781 is
2052 3732 2408 3784 substituebat
2462 3735 2562 3785 ἐνίει
2597 3750 2778 3800 eappa:

1716 3808 1811 3858 sed
1846 3806 2063 3857 frustra.
2141 3808 2352 3874 Neqne-
2368 3812 2505 3860 enim
2542 3813 2608 3861 de
2646 3814 2781 3861 veri·

1717 3892 1829 3936 tate
1866 3895 2096 3948 receptas
2133 3886 2370 3936 lectionis
2403 3887 2786 3943 dubitabimus.

1718 3967 1759 4014 si
1795 3965 2089 4015 cedrenum
2123 3965 2391 4017 audiamus
2420 3982 2474 4032 p.
2503 3972 2621 4020 269.
2693 3966 2786 4018 Καὶ

1716 4040 1878 4104 παχὺς
1905 4041 1997 4101 τὴν
2031 4040 2232 4105 αὐχένα,
2266 4041 2377 4095 ὅθεν
2410 4043 2490 4094 καὶ
2520 4048 2787 4112 Τραχηλᾷν

1719 4120 1865 4171 αὑτὸν
1916 4120 2232 4183 exordinatur.
2312 4123 2384 4172 Et
2437 4138 2628 4173 crassus
2681 4129 2787 4175 erat

1718 4198 1914 4253 ceruice,
1954 4200 2078 4248 aude
2119 4199 2267 4248 etium
2304 4198 2587 4251 fluendum
2629 4202 2788 4265 ipsun

1716 4275 2036 4326 nominabunt.
2098 4274 2330 4340 Τράχηλα
2352 4284 2410 4326 ut
2434 4284 2615 4327 notum
2637 4277 2785 4328 Grae·

1718 4354 1795 4406 cis
1848 4354 2053 4406 eervices
2104 4363 2309 4416 notant.
2381 4355 2645 4408 Videatur
2691 4358 2782 4409 Da
