3025 4934
549 367 682 435 578

554 524 783 575 ambitur
820 524 984 575 omnis
1016 522 1247 577 oceano-⁹
1312 521 1498 574 Florus
1523 535 1614 573 m.

552 606 602 652 8.
625 605 652 667 ς
673 606 754 651 14.
782 608 797 630 ⁸
819 602 926 651 Per
942 613 1144 650 omnem
1167 598 1303 649 diem
1323 598 1615 650 conciditur

551 678 866 729 barbarust’
904 678 990 727 ubi
1026 675 1207 727 confer
1240 676 1440 726 Duker.
1460 676 1614 725 etita

550 769 643 805 ιιι.
672 759 749 805 18.
773 757 872 820 §5.
937 756 1090 805 Corn.
1119 756 1304 818 Nepos
1330 752 1521 803 Annib.
1564 767 1612 803 c.

551 837 603 883 3.
645 835 672 897 §
719 835 761 882 1.
815 831 831 859 ‘
866 832 1138 896 Equitatui
1178 830 1316 880 omni
1361 828 1615 895 praefuit?

553 909 765 961 Curtius
793 921 880 957 ιιι.
904 912 952 957 1.
972 910 1000 972 §
1023 912 1105 957 23.
1142 906 1159 934 ⁶
1181 906 1473 970 Omnisque
1502 907 1615 956 hoec

550 985 698 1048 regio
716 986 890 1049 paruit
905 982 1049 1047 regi?
1081 984 1229 1032 Serv.
1244 983 1307 1031 ad
1328 982 1514 1047 Virgil.
1531 996 1615 1032 lv.

552 1064 667 1110 122.
724 1059 927 1110 Ciofau.
963 1059 1029 1109 ad
1055 1058 1213 1110 Ovid.
1242 1060 1372 1108 Met.
1393 1073 1475 1109 tv.
1495 1063 1612 1109 660.

551 1143 609 1186 et
643 1137 785 1187 Cort.
820 1136 885 1185 ad
919 1137 1131 1186 Sallust.
1160 1136 1284 1199 Jug.
1321 1149 1370 1185 c.
1393 1139 1474 1188 13.
1510 1137 1612 1199 §2

550 1211 641 1261 nbi
669 1219 814 1261 recte
845 1210 1012 1273 addit,
1037 1211 1146 1261 vice
1169 1224 1336 1272 versa,
1372 1218 1388 1241 ⁸
1414 1218 1583 1261 totum
1599 1211 1614 1237 '

550 1301 646 1351 pro
668 1288 805 1338 omni
831 1289 970 1351 poni.
1037 1285 1195 1350 Apul.
1216 1299 1320 1336 vn.
1340 1290 1453 1337 198.
1476 1293 1489 1316 ⁸
1508 1288 1611 1337 To·

552 1370 633 1412 tos
664 1365 789 1413 istos
821 1371 937 1413 tuos
975 1363 1151 1413 hostes
1174 1364 1350 1413 statim
1375 1364 1609 1426 captivos

546 1439 761 1489 habebis
779 1437 813 1489 ε’
849 1447 904 1489 et
927 1440 1100 1503 paullo
1123 1447 1240 1502 post
1274 1441 1290 1469 ‘
1316 1439 1461 1489 Totis
1483 1454 1611 1503 ergo

548 1516 770 1577 prolatis
794 1518 1060 1583 erutisque
1080 1517 1234 1569 rebus
1249 1516 1285 1568 ι’
1308 1518 1396 1583 qui
1417 1519 1493 1568 ita
1514 1532 1609 1568 ιε·

548 1593 686 1657 pius.
722 1597 898 1644 Arutz.

613 1671 642 1734 ξ
678 1673 712 1718 9
763 1670 1030 1735 Aget-etur]
1090 1670 1255 1722 Iidem
1300 1675 1610 1733 tractaretur,

545 1759 650 1795 non
684 1754 927 1810 ageretur.
991 1748 1222 1811 Vulgata
1256 1755 1427 1798 tamen
1451 1748 1610 1799 lectio

545 1822 601 1878 in
623 1822 700 1872 bis
723 1823 996 1873 servanda.
1029 1823 1220 1873 Scitote.

616 1899 837 1963 Cineam]
870 1900 978 1949 Per
999 1897 1116 1949 ἰῶτα
1149 1900 1327 1952 Graeci
1353 1901 1611 1952 scribunt.

545 1974 774 2024 Munera
808 1983 981 2026 autem
1004 1990 1104 2025 non
1131 1977 1458 2041 accipiebant
1484 1991 1608 2030 con·

545 2052 773 2102 tinentes
809 2054 1048 2104 Romani.
1112 2055 1381 2104 Plutarch.
1417 2055 1607 2108 Schott.

540 2128 698 2178 Hauc
715 2129 1024 2192 scripturam
1045 2128 1261 2193 praefert
1274 2146 1478 2196 quoque
1494 2133 1607 2181 Sal·

542 2216 668 2252 mas.
700 2206 850 2256 Lect.
886 2206 1025 2255 Plin.
1064 2222 1115 2270 p.
1138 2210 1219 2256 86.
1252 2223 1301 2257 a.
1325 2214 1382 2259 et
1404 2209 1606 2272 Dausq.

543 2280 611 2327 de
635 2280 887 2345 orthogr.
911 2290 1035 2331 tom.
1061 2296 1126 2332 11.
1153 2298 1203 2346 p.
1228 2286 1308 2334 84.
1367 2284 1607 2335 Quatuor

540 2362 719 2410 tamen
742 2358 976 2408 hocloco
1006 2360 1188 2422 scripti
1215 2357 1459 2425 Cyn'eam3
1494 2376 1609 2411 rec·

541 2432 646 2482 tius
683 2433 787 2482 duo
822 2435 1007 2499 reliqui
1039 2442 1098 2498 et
1130 2445 1352 2487 vetustae
1383 2438 1505 2486 edd.
1528 2438 1607 2487 uti

542 2510 767 2580 exprimi
816 2501 1129 2560 curavimus.
1212 2512 1410 2561 Tamen
1462 2513 1606 2561 nulla

539 2592 753 2635 notatur
787 2588 1013 2637 varietas
1048 2587 1189 2652 apud
1212 2581 1332 2637 Val.
1358 2588 1505 2639 Max.
1527 2602 1605 2637 lv.

541 2662 591 2708 ⁸.
615 2674 701 2708 ex.
724 2663 774 2709 6.
797 2660 982 2711 Arna.

606 2735 779 2785 Pretio
813 2739 1126 2803 quereretur]
1173 2705 1478 2788 Affectabat
1517 2741 1604 2791 ci-

536 2824 682 2870 neas,
725 2819 786 2864 ut
829 2828 922 2863 rex
960 2814 1191 2880 Pyrrhus
1229 2817 1603 2879 componendae

538 2888 687 2950 pacis
729 2902 887 2938 causa
932 2891 984 2938 in
1033 2890 1214 2941 urbem
1259 2892 1602 2957 reciperetur,
1637 2931 1641 2936 -

539 2977 643 3027 quo
667 2964 998 3018 dissuadente
1028 2968 1208 3016 uoluit.
1241 2968 1406 3038 Moab
1488 2965 1504 2980 “

608 3040 864 3113 Oratione]
883 3043 1015 3093 Qum
1035 3050 1208 3092 exstat
1220 3045 1365 3107 opud
1386 3045 1529 3093 Plut.
1550 3045 1603 3095 in

535 3117 762 3183 Pyrrho,
784 3122 1121 3186 meminitque
1160 3121 1346 3171 Cicero
1370 3124 1600 3186 Philipp.

536 3207 580 3243 1.
613 3204 671 3244 et
713 3195 822 3260 ipse
861 3197 1069 3260 Appius
1102 3199 1340 3247 oratione
1365 3213 1458 3261 pro
1483 3200 1602 3249 Coe-

533 3269 628 3331 lio,
647 3271 662 3298 ‘
681 3271 912 3328 Pacem,'
934 3273 1121 3337 inquit,
1136 3275 1151 3301 ‘
1172 3274 1363 3337 Pyrrhi
1381 3274 1602 3324 diremi.'

539 3346 807 3398 Versibus.
828 3364 951 3399 vero
989 3351 1186 3400 Ennius
1210 3351 1348 3412 apud
1375 3351 1486 3401 Cic.
1509 3367 1601 3402 ex-

537 3424 751 3486 pressit,
783 3426 799 3454 ‘
826 3426 945 3477 Quo
988 3425 1133 3475 vobis
1177 3434 1397 3484 mentes,
1438 3436 1600 3478 rectae

536 3515 652 3567 quae
686 3509 826 3550 stare
851 3503 1087 3551 solebant
1113 3501 1367 3565 Antehac,
1389 3499 1600 3553 demen-

535 3583 635 3639 tes,
673 3592 789 3626 sese
827 3576 1023 3628 flexere
1061 3580 1162 3628 viai
1177 3579 1215 3627 θ’
1249 3581 1325 3629 sic
1358 3581 1496 3630 enim
1531 3582 1600 3630 le-

535 3653 758 3716 gendum
785 3669 1002 3716 censeo;
1028 3657 1222 3720 vulgati
1242 3657 1376 3706 euim
1393 3658 1602 3707 detinenti

532 3744 632 3779 sese
671 3731 862 3795 flexere
902 3732 1062 3782 ruina.
1152 3734 1369 3782 Dicitur
1422 3743 1598 3783 autem

532 3805 775 3856 ‘mentes
797 3807 1097 3857 dementes’
1125 3819 1360 3865 venuste,
1384 3816 1444 3859 ut
1467 3825 1599 3873 nup-

537 3883 626 3933 tiae
649 3882 900 3948 innuptae,
920 3895 974 3934 et
999 3885 1198 3935 Graecis
1231 3886 1378 3948 γάμοι
1405 3885 1599 3951 ἄγαμοι,

533 3962 636 4008 &c.
670 3961 687 3989 ‘
711 3959 981 4024 quomiai’
1017 3961 1238 4026 dictum,
1274 3971 1332 4012 nt
1363 3963 1599 4013 Terentii

533 4033 664 4085 illud
714 4034 731 4062 ‘
755 4036 871 4086 huic
908 4037 1162 4088 viciniae:'
1204 4046 1260 4087 et
1307 4039 1322 4066 ‘
1349 4053 1410 4088 eo
1450 4039 1601 4088 loco'

535 4111 623 4159 alii
652 4111 853 4162 dixere.
922 4112 1182 4162 Caeternm
1209 4113 1275 4161 de
1299 4111 1460 4178 Appii
1494 4116 1599 4164 elo·

535 4190 748 4251 quentia
781 4189 966 4238 Cicero
1011 4189 1062 4238 in
1100 4190 1288 4255 Bruto,
1326 4199 1383 4241 et
1417 4191 1598 4242 Livius

512 4264 625 4318 lib.
650 4279 706 4316 x.
742 4265 759 4294 ‘
781 4265 1070 4319 consultum
1091 4267 1226 4332 juris
1260 4275 1317 4319 et
1349 4267 1599 4335 eloquen-

1240 381 1455 430 ⁸01·AE
1503 379 1917 430 vammum
1966 380 2047 431 ΙΝ

1690 521 1808 572 tiae’
1831 529 2000 573 vocat.
2034 522 2225 573 Seuer.

1754 599 1890 649 Car.
1934 612 2116 649 xxxv.
2161 601 2191 664 §
2231 602 2258 648 1
2300 598 2511 649 Paterno
2548 598 2752 664 genere]

1690 674 2053 738 Praeposterus
2074 676 2203 728 ordo
2218 675 2465 724 narrandi
2483 691 2636 741 quem
2650 677 2751 739 ipsi

1687 754 2089 803 immutavimus.
2157 747 2295 802 Vide
2339 753 2483 803 Plut.
2529 753 2584 802 in
2618 754 2754 818 Pyr-

1687 829 1801 878 rho.
1854 829 1889 881 J
1896 830 2052 879 ustin.
2075 829 2163 879 lib.
2182 842 2327 879 xvu.
2348 828 2568 879 Achillis
2589 828 2751 880 filium

1686 902 1831 955 facit.
1888 906 1993 956 Sed
2020 905 2084 956 de
2115 906 2195 955 his
2224 913 2456 956 statuere
2485 906 2671 954 melius
2693 905 2753 954 li·

1654 993 1658 1004 ⁴
1687 989 1849 1044 ceret,
1884 984 1926 1032 si
1964 989 2199 1032 exstaret
2233 982 2651 1033 Commentarius
2668 981 2753 1031 Ti.

1685 1059 1806 1108 maei
1837 1058 2015 1116 Siculi,
2039 1072 2192 1123 quem
2217 1056 2408 1121 Pyrrhi
2441 1057 2594 1106 bellis
2618 1072 2751 1120 prae·

1685 1136 1841 1199 cipue
1871 1135 2097 1191 dicavit,
2132 1141 2266 1184 teste
2301 1133 2569 1184 Halicarn.
2599 1132 2753 1184 Anti·

1687 1211 1817 1276 quit.
1838 1212 2056 1260 Roman.
2077 1211 2166 1261 lib.
2190 1223 2231 1259 ι.
2261 1210 2444 1260 schott-
2511 1211 2615 1262 Qui
2638 1209 2751 1259 edi·

1684 1286 1840 1336 derat
1870 1293 2072 1352 paterno
2098 1300 2274 1350 genere
2313 1285 2373 1334 ab
2405 1284 2471 1334 A.
2504 1290 2755 1336 materno.-

1685 1370 1874 1415 contra·
1903 1371 2081 1414 omnes
2104 1353 2312 1414 omnino
2334 1362 2467 1412 Mss.
2494 1370 2549 1412 et
2572 1370 2751 1412 vetus-

1685 1446 1767 1491 tas
1804 1440 1927 1491 edd.
1962 1454 2121 1505 quare
2147 1438 2332 1488 merito
2355 1438 2592 1488 revocavi
2616 1439 2749 1501 pris·

1686 1519 1845 1568 tinam
1884 1518 2184 1573 lectionem,
2213 1516 2338 1565 licet
2372 1516 2650 1579 conjuncta
2682 1517 2753 1565 sit

1684 1608 1803 1644 cum
1837 1608 2015 1644 errore
2051 1593 2295 1643 auctoris.
2362 1592 2488 1648 Non,
2520 1591 2748 1642 enimjd

1684 1671 1876 1733 agitur,
1922 1676 1981 1719 ut
2014 1682 2306 1733 queramus
2350 1667 2473 1732 quid
2511 1668 2752 1717 scribere

1683 1745 1928 1795 debuerit
1943 1762 1960 1807 ;
1994 1746 2086 1793 sed
2115 1744 2290 1809 potius
2312 1743 2436 1808 qnid
2460 1737 2750 1807 scripserit.

1682 1820 1825 1870 Satis
1847 1821 1946 1871 erit
1969 1821 2218 1870 lectorem
2244 1818 2517 1869 monuisse.
2562 1820 2749 1883 Respi-

1681 1899 1754 1947 cit
1791 1897 1891 1947 huc
1926 1896 2115 1960 Vir-gil.
2140 1896 2255 1946 AEn.
2273 1907 2369 1946 ⁴v1.
2397 1898 2513 1943 8³9.
2544 1895 2561 1923 ‘
2584 1894 2752 1945 Eruet

1682 1973 1770 2022 ille
1793 1972 1986 2036 Argos,
2007 1971 2547 2035 Agamemnoniasque
2562 1971 2752 2035 Myce-

1682 2064 1775 2099 nas
1808 2049 2094 2113 Ipsumque
2119 2047 2387 2110 AEaciden‚
2409 2062 2572 2111 genus
2596 2048 2752 2098 armi·

1680 2128 1913 2190 potentis
1941 2124 2188 2175 Achillit'
2220 2121 2300 2174 uti
2333 2125 2497 2173 voluit
2514 2125 2748 2185 Servius,

1682 2203 1915 2267 quamvis
1943 2204 2032 2254 alii
2068 2201 2261 2253 rectius
2295 2201 2361 2251 ad
2391 2200 2575 2249 Persen
2608 2210 2749 2251 retu·

1681 2279 1857 2330 ierint.
1890 2279 2067 2329 Arata.
2723 2294 2736 2299 ·

1742 2353 2037 2417 Apollinem]
2070 2353 2402 2418 Delphicum.
2435 2352 2604 2404 Maon.
2661 2391 2672 2400 x

1744 2432 1773 2495 ξ
1797 2436 1829 2480 2
1859 2430 2096 2492 Ambiguae
2115 2428 2376 2493 respondit]
2409 2427 2608 2479 Arnob.
2629 2428 2747 2479 adv.

1681 2510 1881 2560 Gentes
1928 2524 2005 2560 lv.
2047 2513 2162 2559 143.
2197 2507 2499 2571 ‘Numquid
2549 2507 2747 2569 Apolli·

1681 2601 1796 2635 nem
1821 2587 1982 2635 ditem
2019 2585 2216 2635 factum
2240 2585 2581 2647 ambiguitate
2603 2582 2749 2634 fefel-

1681 2662 1801 2711 lisse
1825 2662 2059 2726 responsi
2080 2661 2116 2710 :'
2154 2662 2245 2711 ubi
2265 2661 2369 2710 alia
2390 2661 2743 2710 Elmenhorst·

1680 2739 1880 2789 Seneca
1925 2738 2119 2801 OEdipo
2172 2752 2248 2789 vs.
2303 2740 2419 2787 214.
2474 2736 2491 2764 ⁶
2511 2736 2745 2803 Ambage

1680 2828 1816 2863 nexa
1839 2815 2099 2878 Delphico
2129 2828 2242 2863 mos
2276 2821 2358 2864 est
2386 2813 2500 2862 Deo
2533 2812 2746 2864 Arcana

1677 2887 1908 2955 &jere-¹
1946 2889 2072 2940 OEd.
2109 2889 2263 2944 Fare,
2286 2888 2354 2937 sit
2379 2887 2597 2937 dubium
2621 2888 2744 2940 licet

1677 2966 1935 3030 Ambigua
1968 2967 2062 3014 soli
2091 2977 2306 3014 noscere
2330 2963 2520 3026 OEdipo
2552 2964 2750 3016 datur!

1677 3038 1897 3093 Tertull-
1936 3023 2092 3107 Apol.
2115 3041 2231 3106 cap'.
2254 3045 2339 3091 22.
2381 3049 2396 3070 ‘
2418 3041 2496 3089 In·
2517 3042 2746 3092 oraculis

1679 3124 1850 3170 autem
1875 3134 1977 3185 quo
1996 3120 2199 3184 ingenio
2219 3115 2587 3181 ambiguitates
2612 3126 2744 3168 tem-

1677 3204 1865 3261 perent
1902 3199 1955 3247 in
1991 3194 2267 3247 eventusi’
2321 3195 2476 3245 Adde
2500 3195 2607 3245 illic
2631 3195 2740 3245 Ha·

1678 3288 1820 3323 verc.
1874 3274 2112 3324 Lucanus
2139 3287 2193 3322 v.
2216 3276 2334 3321 225.
2354 3279 2369 3301 ‘
2384 3272 2613 3321 Terreat
2635 3286 2742 3322 am-

1678 3348 1845 3412 biguis
1892 3348 2201 3400 frustratum
2257 3348 2505 3405 sortibus,
2560 3346 2744 3414 Appi.’
2817 3363 2822 3369 ·

1674 3427 1849 3476 Arntz.

1739 3502 1834 3552 Aio
1877 3508 1924 3553 te
1964 3502 2195 3567 AEacida]
2228 3496 2416 3552 Cicero
2455 3501 2521 3550 de
2562 3501 2740 3552 Divin.

1676 3577 1765 3629 lib.
1802 3592 1867 3627 ιι.
1934 3580 2005 3629 Et
2038 3580 2161 3628 inde
2201 3578 2395 3628 Arnob.
2436 3578 2523 3627 lib.
2559 3578 2739 3627 ultimo

1676 3655 1792 3705 adv.
1835 3657 2037 3720 Gentes
2074 3655 2227 3706 Ennii
2251 3671 2465 3706 mersum
2502 3670 2616 3703 esse
2652 3656 2740 3704 do·

1676 3741 1793 3794 cet;
1819 3743 1874 3783 et
1894 3732 2101 3789 falsum,
2124 3733 2259 3799 quod
2276 3746 2535 3795 nunquam
2554 3732 2740 3781 Latine

1676 3810 1899 3874 Pythius
1921 3811 2130 3860 oracula
2152 3807 2456 3859 reddiderit.
2523 3806 2664 3855 Vide
2687 3813 2743 3855 et

1675 3885 1928 3935 Priscian.
1953 3886 2042 3934 lib.
2063 3898 2234 3934 xv111.
2259 3885 2343 3946 qui
2368 3879 2636 3944 ὑπέρβατον
2655 3897 2742 3945 ap-

1677 3961 1858 4024 pellat,
1901 3961 2166 4010 dialectici
2211 3956 2520 4022 ἀμφιβολίαν.
2554 3957 2742 4008 Scitote.

1674 4037 1840 4101 [Vide
1865 4039 1989 4088 Not.
2006 4026 2230 4101 Delph.]
2281 4034 2482 4086 Confer
2504 4049 2624 4085 cum
2647 4036 2740 4087 hac

1674 4124 1799 4165 nota
1823 4114 2015 4164 Merui.
2034 4113 2099 4162 ad
2126 4114 2260 4161 Eun.
2290 4125 2368 4160 vr.
2386 4115 2501 4159 366.
2534 4110 2711 4161 Arnis-

1695 4213 1704 4222 =
1740 4192 1768 4255 ς
1790 4195 1820 4240 3
1856 4190 1966 4239 Hoc
1986 4189 2139 4253 dicto]
2188 4188 2348 4252 [Vide
2373 4188 2501 4237 Not.
2523 4187 2742 4252 Delph.]

1661 4257 1807 4321 ¹Ques
1841 4267 2003 4321 habet
2037 4268 2193 4319 Anna
2223 4264 2361 4318 forte
2391 4264 2457 4317 ab
2485 4263 2588 4316 hoc
2621 4267 2741 4318 loco
