3025 4934
448 391 581 459 870
1133 406 1528 460 ascensus
1567 407 2004 461 Enii-ionum

530 557 691 617 1710
735 551 1006 624 Parisiis,
1049 558 1146 614 16.
1189 552 1363 613 Sext.
1393 552 1549 613 Aur.
1581 551 1849 613 Victoris
1891 549 2184 613 Historiae
2222 549 2411 616 Rom.
2455 542 2668 614 Breiri-

451 650 658 710 arium.
701 651 803 711 Ex
842 650 1122 710 biblioth.
1152 649 1353 710 Andr.
1391 649 1649 710 Schotti.
1693 649 1824 730 Ap.
1851 648 1951 709 Jo.
1996 648 2187 730 Bapt.
2220 649 2474 711 Brocas.

534 754 693 811 1721
740 747 1018 819 Parisiis,
1049 753 1146 807 16.
1194 746 1365 808 Sext.
1396 747 1553 808 Aur.
1580 747 1850 808 Victoris
1877 747 2171 808 Historiae
2199 746 2497 808 Romanae
2527 747 2681 808 Bre-

458 844 732 906 viarium.
780 877 785 882 ·
819 845 920 905 Ex
945 844 1098 907 bibl.
1128 844 1328 907 Andr.
1360 844 1619 907 Schotti.
1704 844 1896 926 Apud
1924 845 2026 906 Jo.
2054 844 2241 926 Bapt.
2272 844 2517 905 Brocas.

536 946 697 1004 1723
740 940 1081 1015 Florentiae,
1119 948 1180 1004 8.
1221 961 1356 1022 quae
1382 941 1639 1002 historiae
1671 940 1968 1002 Romanae
1992 941 2251 1024 epitome
2278 942 2505 1023 prodiit
2528 941 2681 1003 voll.

458 1053 538 1100 11.
566 1038 815 1099 exhibet
856 1038 976 1101 vol.
1032 1056 1079 1101 1.
1124 1048 1260 1122 post
1299 1037 1607 1099 Velleium
1634 1049 1692 1099 et
1742 1029 1989 1100 Florum
2017 1040 2200 1100 etiam
2253 1039 2594 1111 Victorem,
2621 1048 2686 1099 et

452 1133 574 1197 vol.
624 1151 707 1198 η.
771 1135 1006 1195 Rufum
1055 1135 1322 1208 Festum,
1377 1135 1733 1208 Messalam,
1779 1136 2138 1218 Eutropium
2182 1156 2323 1197 cum
2370 1134 2686 1208 Suetonio,

460 1226 687 1292 Paullo
715 1231 900 1295 Diae.
932 1233 1313 1305 cassiodoro,
1332 1232 1663 1305 Jornande,
1691 1238 1809 1298 διο.

545 1334 700 1393 1733
739 1329 1179 1390 Amstelodami
1205 1326 1550 1408 etTrajecti
1580 1329 1727 1391 Bat.
1750 1337 1812 1390 4.
1842 1328 2015 1390 Sext.
2036 1330 2194 1391 Aur.
2224 1328 2500 1390 Victoris
2524 1327 2682 1388 His-

455 1424 611 1484 toria
632 1424 939 1498 Romana,
967 1446 1105 1487 cum
1133 1426 1289 1487 notis
1312 1426 1555 1506 integris
1583 1426 1886 1487 Dominici
1920 1425 2272 1497 Machanei,
2314 1427 2418 1487 El.
2441 1426 2683 1498 Vineti,

457 1521 653 1584 Andr.
677 1521 937 1596 Schotti,
963 1522 1107 1584 Jani
1136 1522 1404 1595 Gruteri,
1453 1544 1683 1585 necnon
1716 1523 2016 1604 excerptis
2062 1523 2225 1586 Frid.
2271 1522 2578 1603 Sylburgii
2616 1533 2680 1583 et

456 1619 657 1680 Annae
681 1619 864 1680 Fabri
888 1620 1055 1682 filiae.
1098 1621 1362 1681 curante
1386 1620 1625 1681 Joanne
1653 1621 1993 1682 Arntzenio
2012 1621 2052 1681 J
2059 1621 2203 1682 Cto.
2230 1621 2492 1681 Amstel.
2520 1620 2686 1702 apud

453 1714 1229 1798 Janssonio-Waesbergios,
1266 1719 1436 1800 Traj.
1486 1717 1632 1780 Bat.
1674 1739 1776 1799 ap.
1834 1718 1970 1779 Jac.
2027 1738 2065 1778 a
2108 1716 2682 1780 Poolsum.—-Arn-

455 1816 688 1875 tzenius
722 1836 860 1876 usus
899 1825 990 1876 est
1015 1816 1250 1898 scriptis
1275 1814 1570 1897 exemplis
1603 1815 1892 1897 pluribus,
1923 1835 2175 1895 quorum
2221 1814 2580 1875 lectionibus
2604 1815 2687 1874 ad

457 1911 892 1973 emendandum
912 1921 1144 1974 textum
1172 1923 1261 1973 est
1287 1934 1445 1985 usus,
1473 1933 1653 1993 quem
1688 1921 1889 1974 tamen
1929 1933 1964 1973 e
2010 1912 2248 1973 Schotti
2281 1912 2546 1973 editione
2570 1932 2716 1971 exe.

457 2009 687 2087 pressit,
716 2009 822 2070 sed
847 2010 1058 2089 ejectis
1082 2013 1213 2090 ejus
1251 2010 1785 2071 emendationibus.
1869 2008 2011 2070 Nec
2050 2009 2501 2073 contemnendae
2550 2018 2692 2070 sunt

456 2105 588 2184 ejus
610 2115 790 2178 notoe,
812 2108 1028 2186 quibus
1054 2108 1258 2168 multis
1280 2107 1427 2168 locis
1449 2107 1643 2167 lucem
1666 2106 1960 2168 accendit.

537 2237 623 2251 —-
663 2203 944 2274 Parisii8‚
972 2211 1073 2266 24.
1116 2204 1404 2265 Aurelius
1433 2204 1673 2267 Victor.

543 2305 706 2362 1734
747 2299 1031 2373 Londini,
1059 2306 1161 2364 12.
1206 2301 1533 2382 Eutropius
1559 2309 1623 2362 et
1649 2301 1823 2362 Sext.
1844 2300 2006 2362 Aur.
2036 2297 2254 2363 Victor
2279 2298 2355 2361 de
2380 2299 2551 2362 Viris
2577 2300 2688 2361 Ill.

458 2415 540 2456 ex
570 2395 666 2457 ed.
694 2397 898 2459 Fabri.

544 2499 705 2556 1743
749 2492 1203 2576 Heidelbergae,
1245 2494 1355 2559 fol.
1400 2494 1478 2555 In
1516 2494 1825 2555 Bennonis
1877 2493 2131 2575 Caspari
2158 2492 2440 2554 Haurisii
2482 2493 2730 2574 Scrip-l.

459 2589 687 2652 toribus
710 2590 1004 2653 Historiae
1032 2593 1330 2654 Romanae
1359 2590 1589 2652 Latinis
1608 2590 1936 2652 Veteribus
1958 2590 2018 2649 in
2041 2610 2224 2650 unum
2243 2611 2460 2672 corpus
2479 2589 2690 2650 redac-

458 2684 540 2745 tis
563 2684 638 2747 T.
671 2704 751 2749 11.
783 2688 1072 2762 Messala,
1103 2688 1341 2761 Victor,
1369 2687 1597 2759 Rufus,
1624 2695 1688 2747 et
1713 2687 2063 2767 EutropiuS.

543 2787 704 2854 1757
747 2785 1039 2865 Coburgi,
1065 2794 1128 2847 8.
1171 2786 1343 2852 Sext.
1397 2785 1558 2846 Aur.
1613 2784 1884 2846 Victoris
1938 2782 2215 2843 Historia
2261 2782 2570 2856 Romana,
2607 2804 2726 2845 ex-

462 2880 799 2942 recensione
830 2891 895 2943 et
929 2903 1067 2946 cum
1095 2881 1712 2944 animadversionibus
1747 2880 1986 2942 criticis.
2015 2888 2198 2960 atque
2242 2881 2545 2942 historicis
2585 2879 2704 2942 Jo..

461 2974 627 3042 Frid.
662 2978 938 3042 Gruneri.
1026 2980 1315 3060 Coburgi,
1345 3000 1443 3061 ap.
1473 2977 1595 3042 Ge.
1632 2978 2090 3042 otta-Basia
2116 2985 2209 3038 est
2232 2977 2331 3041 ed.
2381 2978 2692 3042 Amstelo-

460 3072 759 3136 damensis
782 3083 960 3141 1733.
989 3076 1093 3140 Jo.
1120 3076 1465 3149 Arntzenii,
1496 3096 1535 3136 a
1560 3093 1681 3156 quo
1708 3083 1909 3135 tamen
1934 3094 2359 3155 nonnunquam
2385 3076 2688 3139 dissentit.

468 3170 631 3233 Usus
655 3182 748 3234 est
773 3184 972 3235 autem
995 3173 1331 3247 Grunerm,
1357 3172 1522 3254 quod
1550 3172 1627 3232 ad
1656 3172 2000 3253 Epitomen,
2026 3170 2261 3232 duobus
2282 3172 2465 3234 codd.
2494 3173 2692 3233 Guel-

463 3266 825 3350 ferbytanis3
872 3273 934 3331 in
961 3271 1246 3354 opusculo
1266 3292 1404 3332 vero
1429 3272 1506 3331 de
1535 3269 1703 3331 Viris
1734 3269 1841 3332 Ill.
1865 3270 2123 3340 contulit
2155 3270 2298 3333 edd.
2320 3272 2695 3352 Argentora-

465 3374 660 3427 tenses
682 3375 863 3431 1510.
884 3378 948 3430 et
975 3376 1154 3440 1513.
1183 3390 1361 3450 supra
1386 3369 1684 3430 laudatas.

550 3470 707 3530 1761
753 3466 968 3541 Halae,
998 3474 1096 3528 12.
1142 3467 1510 3534 Sext.‚Aur.
1543 3466 1814 3527 Victoris
1846 3465 1982 3526 libri
2024 3465 2101 3525 de
2145 3464 2443 3526 Romanae
2474 3462 2734 3526 Gentis.

467 3560 738 3641 Origine,
793 3563 964 3625 Viris
1003 3564 1368 3636 IllustribuS,
1405 3562 1897 3646 Imperatoribus‚
1945 3572 2008 3623 et
2062 3563 2367 3644 Epitome.
2451 3562 2700 3627 Quibus.

465 3661 717 3721 accessit
745 3661 919 3722 Sexti
949 3661 1099 3723 Rufi
1130 3661 1506 3724 Breviarium
1552 3661 1845 3723 Historiae
1884 3661 2072 3723 Rom.
2163 3659 2378 3733 Halae,
2404 3661 2694 3721 sumtibus

388 3800 393 3805 -
468 3756 1010 3841 Qrphanotrophei.

549 3861 711 3926 1787
753 3856 1057 3936 Erlangae‚
1086 3864 1147 3919 8.
1169 3856 1344 3928 Sext.
1365 3856 1523 3918 Aur.
1548 3856 1816 3926 Victoris
1844 3854 2128 3916 Historia
2153 3854 2462 3925 Romana,
2489 3873 2568 3913 ex
2596 3872 2686 3913 re-

462 3953 735 4014 censione
763 3951 864 4015 Jo.
894 3953 1066 4018 Frid.
1095 3954 1376 4017 Gruneri.
1419 3953 1742 4024 Accedunt
1768 3952 2331 4017 animadversiones.
2377 3951 2696 4031 Erlangae,›

463 4058 661 4111 sumtu
692 4050 919 4114 Palmi.
