3025 4934
571 385 851 436 sunm..
897 382 1094 434 vtor.
1143 383 1242 433 nu
1287 382 1730 434 oAESARmUs
1776 354 1941 435 oA‘r.
1988 381 2215 430 xxiv.

312 526 627 594 Lampridius
678 530 745 580 de
800 530 985 580 eodem
1039 529 1354 592 Elagabalus

310 610 326 636 ⁸
351 606 530 670 Coe'git
562 608 844 670 scriptores
874 607 1141 656 nonnullos
1176 605 1353 654 nefan-

310 686 390 747 da,
433 686 586 734 immo
630 686 798 748 potius
843 699 946 735 non
990 682 1209 734 ferenda
1247 684 1356 747 ejus

312 761 448 811 dicta
477 762 545 811 de
575 761 791 810 libidine
825 758 1131 825 disputare?
1199 759 1357 815 Alibi,

310 839 512 903 egregie
528 847 729 888 vasatos
748 837 1131 904 perquisivisse.
1165 836 1359 885 Petrus

311 928 427 962 vero
476 914 713 964 Pithoeus
772 914 985 965 visendis
1039 913 1360 963 tractandisve

302 989 515 1052 partibus
549 989 660 1056 (vel
691 988 887 1040 anubin
921 988 1171 1041 libidinum
1201 987 1360 1049 soeda-

309 1065 448 1130 rum).
511 1066 600 1116 Sic
646 1081 807 1130 supra
847 1067 1080 1121 Nerone,
1122 1071 1181 1114 ut
1216 1070 1270 1113 et
1308 1064 1361 1112 in

307 1142 545 1207 Epitoma
593 1157 807 1203 excusa,
851 1140 1166 1191 ‘Genitalia
1215 1141 1364 1190 vultu

307 1218 703 1269 contrectabat!
768 1217 1019 1268 Eruditus
1041 1218 1209 1267 lector
1228 1217 1364 1266 arbi-

311 1294 546 1345 trabitur.
577 1295 766 1344 &hoen
822 1294 951 1345 Cum
974 1308 1077 1344 non
1103 1308 1236 1344 uuus
1260 1308 1366 1344 me·

309 1371 451 1420 dicus
478 1371 601 1420 huic
622 1370 899 1420 arcesserit
921 1372 1055 1430 loco,
1076 1371 1199 1435 quid
1222 1375 1368 1420 vetat

308 1453 363 1496 et
383 1462 551 1497 meam
570 1462 655 1496 me
678 1446 886 1497 adferre
906 1446 1222 1511 symbolam?
1247 1447 1367 1497 coni

302 1525 405 1587 jeci
429 1525 548 1574 olim
574 1524 890 1588 Perquirebat
907 1524 1127 1573 visendos
1158 1528 1367 1573 tractan-

311 1601 445 1649 dosve
495 1599 695 1650 artubus
735 1599 987 1649 libidinum
1027 1600 1336 1648 verendarum
1354 1614 1372 1647 .-

311 1677 516 1727 videtur
536 1679 672 1727 enirn
697 1677 988 1740 respexisse
1010 1675 1077 1725 ad
1108 1676 1194 1724 ins
1219 1676 1369 1724 Lam·

313 1753 466 1815 pridii
488 1769 607 1818 cap.
623 1758 671 1804 8.
704 1759 718 1783 ⁶
737 1753 904 1816 quue
925 1752 1204 1816 diligenter
1225 1766 1370 1801 cura-

312 1838 417 1880 tum
439 1838 545 1893 est,
568 1837 627 1879 ut
646 1845 714 1879 ex
735 1837 846 1878 tota
881 1828 1090 1893 penitus
1119 1828 1268 1891 urbe,
1292 1834 1372 1877 at·

311 1924 407 1973 que
429 1924 496 1958 ex
515 1908 738 1957 nauticis
757 1905 1056 1956 monobelos
1083 1910 1374 1969 quereretg

313 1988 385 2036 sic
407 2000 494 2036 eos
516 1983 817 2050 appellabat
845 1982 932 2047 qui
955 1982 1209 2031 viriliores
1232 1981 1372 2030 vide-

313 2062 534 2114 bantur!
573 2063 656 2112 Ex
677 2077 777 2126 quo
799 2061 917 2109 loco
937 2066 1159 2125 apparet
1179 2065 1235 2107 et
1257 2058 1374 2108 heic

313 2139 720 2199 rescribendum,
754 2151 879 2192 non,
915 2143 973 2185 ut
1012 2136 1261 2184 hactenns
1295 2149 1376 2183 re·

313 2227 541 2282 ceptum,
580 2215 749 2279 quippe
778 2213 889 2262 orbe
921 2214 1055 2270 toto,·
1088 2209 1179 2258 sed
1214 2208 1376 2273 magis

312 2295 480 2358 quippe
501 2291 620 2342 urbe
640 2295 759 2340 tota.
791 2290 1006 2339 Gruter.
1073 2287 1188 2349 Ego
1210 2286 1379 2351 probo

309 2371 528 2434 partibus
581 2366 834 2417 libidinum
889 2364 1213 2423 nefandarum.
1296 2363 1376 2411 Eo

315 2449 448 2497 enim
494 2443 723 2494 nefanda
772 2440 1184 2503 turpissimorum
1236 2451 1377 2487 mou-

316 2535 540 2574 strorum
575 2519 739 2569 libido
770 2516 1046 2582 prooessit,
1068 2522 1128 2564 ut
1159 2514 1294 2579 quod
1318 2528 1377 2563 re

315 2601 430 2664 ipsa
450 2597 705 2665 perficere
735 2593 1034 2658 nequirent,
1052 2591 1250 2654 inpuris
1272 2590 1380 2638 vio·

319 2678 486 2726 lerent
524 2668 1044 2726 contrectationibus.
1109 2666 1214 2716 Sed
1246 2667 1380 2716 auri-

320 2755 416 2805 bus
439 2767 620 2819 parco.
652 2749 829 2798 Arutz.
888 2748 893 2753 ’

385 2835 414 2896 §
458 2836 491 2881 2
539 2825 794 2889 Pompilii]
859 2821 1158 2885 Legendum
1203 2819 1383 2883 procul

323 2908 479 2958 (lubio
525 2906 699 2969 Opilii,
743 2901 968 2952 Macrini
1011 2898 1225 2947 scilicet.
1295 2898 1384 2946 Sic

324 2989 457 3037 enim
470 2982 738 3047 Lamprid.
751 2978 972 3030 totidem
984 2976 1183 3026 verbis:
1201 2976 1218 3002 ‘
1232 2988 1383 3038 quem

323 3065 584 3114 Caesarem
614 3067 823 3107 senatus
846 3054 1087 3104 Macrino
1109 3052 1388 3101 interemto

326 3133 721 3205 appellaverat?
743 3134 930 3181 Victor
946 3129 1272 3180 nobilitatem
1291 3139 1386 3189 pro

326 3223 512 3266 senatu
536 3213 691 3274 dixit,
709 3224 809 3275 quo
832 3207 898 3257 de
921 3205 1063 3256 alibi.
1129 3205 1215 3254 De
1242 3204 1389 3268 asylo

326 3291 603 3343 sacerdotii
645 3288 808 3359 Syriae
850 3285 1005 3347 Solis,
1045 3283 1147 3345 vel,
1188 3289 1247 3331 ut
1282 3281 1387 3336 alii,

325 3368 491 3425 Jovis,
514 3367 651 3414 idem
674 3360 944 3424 Lamprid.
967 3360 1171 3421 gemina
1195 3357 1390 3419 refert3

329 3458 480 3509 quem
524 3442 662 3504 vide,
704 3447 761 3489 et
803 3437 1160 3488 Herodianum
1201 3434 1294 3484 lib.
1337 3449 1391 3483 v.

331 3521 519 3571 Schott.

394 3598 532 3647 Car.
569 3594 782 3657 xxiv.§
809 3596 836 3639 1
886 3588 1047 3653 Syria·
1088 3587 1217 3650 orto]
1265 3588 1391 3637 For-

332 3681 385 3723 te
426 3674 543 3723 urbe
577 3668 976 3720 exaudiendum.
1010 3664 1145 3714 Vide
1178 3665 1395 3728 Septim.

335 3751 512 3800 Sever.
556 3750 586 3811 ξ
623 3752 705 3798 28.
739 3745 928 3795 Schott.
995 3743 1066 3791 Et
1099 3742 1213 3807 quis
1245 3739 1395 3790 dubi-

338 3827 474 3875 tabit
505 3838 680 3873 veram
721 3835 836 3870 esse
880 3821 1011 3869 hanc
1053 3817 1396 3868 constructio-

337 3905 489 3955 nem?
528 3902 737 3963 vulgare
775 3899 913 3948 euim
955 3902 1036 3947 est
1067 3894 1274 3944 nomina
1316 3908 1395 3942 re-

298 4034 302 4038 ,
340 3983 544 4045 gionmn
580 3978 702 4043 poni
729 3975 912 4026 eodem
934 3973 1087 4023 modo
1109 3984 1171 4022 ac
1194 3969 1401 4020 nomina

340 4058 560 4106 urbium.
624 4052 762 4103 Vide
787 4066 901 4116 qnae
924 4066 1037 4114 sup.
1059 4065 1174 4113 cap.
1195 4052 1247 4097 8.
1269 4050 1296 4112 §
1322 4051 1399 4097 16.

340 4135 518 4184 Arntz.

408 4210 630 4258 Caesarea
669 4211 717 4256 et
760 4204 893 4256 Arca
931 4217 1099 4254 nomen
1137 4200 1234 4265 est]
1269 4201 1404 4251 Mss.

2354 364 2487 431 733

1427 528 1662 578 disertim
1698 527 1878 578 Archa.
1932 525 2114 576 Flavio
2142 524 2373 590 Josepbo
2397 525 2488 575 lib.

1429 618 1483 655 v.
1543 605 1931 667 Antiquitatum
1973 602 2307 654 Judaicarum
2344 602 2489 665 Ἀρκὴ

1430 689 1534 745 est,
1556 689 1611 731 et
1626 678 1890 735 Ἀκτίπους,
1905 679 2107 730 Judaeae
2130 676 2253 727 urbs
2275 678 2329 726 in
2351 678 2490 727 tribu

1431 755 1583 806 Aser.
1607 759 1622 785 ⁸
1642 756 1847 806 Arcena
1866 754 1880 775 ’
1916 768 2040 803 vero
2076 752 2373 816 Lampridio
2396 753 2492 802 ini·
2515 814 2516 819 ¹

1433 834 1507 884 tio
1532 832 1712 884 Severi
1734 833 1856 881 alia.
1889 830 2078 880 Schott.
2127 829 2493 879 Illustratliaec

1434 909 1550 972 ipsa
1586 907 1821 971 Scaliger
1856 907 1908 955 in
1946 903 2493 956 Animadversionibus

1434 986 1762 1049 Eusebianis,
1797 998 1930 1035 anuo
1955 995 2257 1034 mmccxui.
2293 984 2496 1033 Gruter.

1435 1063 1541 1113 Sed
1575 1077 1823 1112 summum
1860 1061 2049 1124 Scalig.
2082 1058 2212 1110 falso
2245 1058 2495 1109 Nostrum

1437 1152 1684 1190 accusare
1719 1137 1923 1203 patebit
1953 1151 2018 1186 ex
2043 1134 2308 1201 Lamprid.
2344 1152 2394 1186 c.
2414 1140 2499 1186 13.

1437 1215 1615 1264 Arntz.

1502 1292 1584 1355 §2
1606 1290 1871 1342 Adversum
1894 1286 2138 1351 Xerxem]
2170 1288 2257 1336 De
2281 1284 2500 1349 expedi·

1440 1367 1580 1416 tione
1613 1368 1667 1416 in
1702 1367 1914 1429 Persas,
1950 1379 2050 1427 qua
2083 1365 2250 1413 victus
2274 1362 2499 1419 Xerxes.

1441 1443 1724 1507 Eutropius
1746 1441 1836 1492 lib.
1860 1454 1986 1490 viu.
1999 1447 2055 1489 et
2071 1438 2286 1489 Orosius
2304 1450 2405 1488 vn.
2420 1438 2504 1486 18.

1440 1519 1774 1569 Herodianus
1813 1531 1938 1567 vero
1962 1511 2371 1566 ‘Artaxerxem’
2409 1527 2503 1561 no·

1441 1595 1602 1644 minat
1624 1604 1680 1645 et
1702 1593 2047 1658 Lampridius,
2062 1598 2120 1642 et
2141 1598 2245 1641 tam
2268 1603 2323 1639 re
2347 1602 2503 1654 quam

1440 1672 1648 1722 nomine
1679 1672 2095 1736 potentissimum
2123 1680 2296 1731 regem
2330 1665 2504 1715 fusum

1442 1746 1785 1813 fugatumque
1809 1747 2012 1797 scribit.
2042 1744 2232 1795 Schott.
2298 1743 2506 1792 Dassem

1444 1837 1541 1886 pro
1582 1823 1799 1873 Xerxem
1845 1824 1895 1871 in
1951 1820 2149 1885 scripto
2202 1818 2322 1868 cod.
2363 1815 2504 1880 apud

1445 1900 1595 1949 Sext.
1643 1898 1836 1949 Rufum
1875 1898 2051 1947 inveni
2088 1910 2207 1959 cap.
2243 1898 2327 1944 22.
2371 1892 2507 1942 adde

1447 1974 1669 2024 Casanb.
1693 1974 1758 2024 ad
1781 1976 1959 2037 Lamp.
1979 1987 2097 2035 cap.
2118 1977 2200 2020 55.
2234 1970 2409 2025 Aratu.

1517 2054 1611 2102 Cui
1643 2052 1909 2102 vocabulum
1945 2049 2121 2112 Sicila]
2158 2048 2242 2097 Ita
2276 2040 2475 2109 repono
2492 2062 2509 2097 z

1448 2143 1565 2178 nam
1590 2130 1724 2179 Msc.
1742 2128 1841 2176 bac
1874 2133 2025 2191 parte
2058 2123 2332 2173 mendosus
2346 2114 2408 2169 ‘in
2425 2135 2508 2169 uo·

1447 2205 1661 2255 cab-lum
1686 2198 1876 2254 Sicilia.
1910 2204 1928 2232 ⁶
1947 2199 2205 2265 Agentem
2240 2211 2354 2249 cum
2381 2211 2512 2260 pau-

1450 2282 1526 2331 cis
1560 2283 1611 2330 in
1650 2279 1967 2339 Britannia;
2001 2285 2058 2326 ut
2091 2276 2175 2325 alii
2217 2275 2416 2333 volunt,
2454 2273 2512 2322 in

1451 2359 1627 2410 Gallia
1668 2359 1721 2408 in
1769 2359 1884 2407 vico
1936 2355 2023 2405 cui
2074 2352 2235 2403 Sicila
2292 2351 2514 2401 uottien.⁹

1452 2435 1783 2499 Lampridius
1805 2433 2020 2483 totidem
2045 2430 2239 2480 verbis.
2268 2428 2516 2477 Schottus.

1453 2512 1523 2562 Et
1546 2512 1781 2575 Scaliger
1804 2510 1871 2559 ed
1890 2507 2076 2558 Euseb.
2092 2521 2141 2570 p.
2158 2509 2274 2556 233.
2304 2505 2480 2554 Arutz.

1520 2590 1601 2653 §5
1641 2587 1854 2638 Celebrio
1874 2584 2147 2646 fabi-icarus
2180 2580 2274 2645 est]
2324 2576 2514 2627 Assen-

1455 2664 1557 2714 tior
1576 2663 1876 2714 doctissimo
1910 2659 2161 2712 olivario,
2183 2669 2335 2721 quem
2358 2654 2516 2703 hono-

1454 2741 1525 2790 ris
1541 2755 1694 2790 causa
1716 2739 1907 2800 saepius
1926 2748 2137 2796 usurpo,
2151 2733 2239 2797 qni
2264 2730 2517 2793 Serapium

1444 2818 1718 2880 fabricatus
1737 2822 1807 2865 est
1830 2813 2055 2877 legebat,
2079 2812 2160 2859 vel
2185 2808 2337 2857 Isium
2358 2812 2405 2856 et
2428 2806 2520 2856 Se-

1455 2894 1660 2958 rapium.
1725 2892 1852 2955 Sup·
1875 2902 2076 2954 quoque
2098 2901 2209 2934 nam
2230 2887 2344 2933 dum
2366 2887 2518 2933 tantas

1455 2968 1730 3020 seueritatis
1751 2967 1863 3017 vim.
1902 2965 2080 3028 Opera
2095 2958 2380 3011 Alexandri
2398 2966 2520 3006 sunt

1460 3047 1676 3095 tbermoe
1701 3050 1756 3093 et
1788 3044 1975 3091 circus.
2029 3038 2116 3088 Ita
2151 3034 2478 3098 Lampridius
2508 3049 2524 3084 t

1459 3128 1475 3150 ⁸
1500 3122 1662 3171 Isium
1695 3127 1752 3169 et
1784 3115 2055 3180 Serapium
2090 3111 2343 3161 decenter
2371 3123 2524 3158 orna·

1461 3199 1541 3247 vit
1562 3195 1755 3246 additis
1779 3195 1940 3258 signis
1971 3198 2027 3240 et
2049 3188 2260 3238 deliacis
2283 3193 2340 3236 et
2361 3185 2525 3234 omui-

1463 3277 1559 3326 bus
1582 3275 1835 3340 mysticis.
1899 3273 1963 3322 In
1997 3276 2215 3320 matrem
2249 3267 2524 3317 Mammam

1463 3353 1617 3403 unice
1642 3350 1796 3416 pius‚’
1831 3350 1927 3400 ὅτε.
1962 3348 2148 3398 Schott.
2215 3343 2358 3393 Puto
2391 3343 2528 3404 Opus

1462 3431 1573 3480 urbi
1594 3429 1992 3495 florentissimum
2018 3429 2065 3473 et
2086 3418 2526 3479 celeberrimumfa-

1464 3507 1773 3556 bricatusest.
1804 3503 1964 3569 [Vide
1982 3501 2111 3550 Not.
2127 3495 2351 3560 Delph.]
2383 3494 2528 3544 Nihil

1465 3583 1607 3633 aliud
1654 3582 1928 3632 succurrit.
1985 3577 2147 3629 Anna.
2227 3574 2342 3624 Nee
2386 3571 2533 3626 mihi,

1464 3661 1565 3710 nisi
1619 3657 1903 3709 faciliorem
1958 3667 2071 3704 esse
2114 3649 2531 3700 emendationem

1465 3736 1732 3799 celebreque
1746 3749 1767 3794 ς
1784 3731 1875 3783 sed
1894 3746 1976 3781 res
1999 3729 2182 3780 eodem
2208 3726 2364 3776 redit.
2397 3723 2531 3775 Arn-

1470 3813 1672 3863 tzenius.

1537 3890 1566 3952 §
1600 3892 1633 3938 6
1669 3885 1948 3949 Paulloque]
1994 3882 2047 3934 J.
2087 3879 2149 3930 C.
2191 3884 2298 3926 tum
2331 3871 2536 3929 laudat,

1474 3965 1620 4028 cujus
1643 3969 1704 4012 nt
1735 3969 1791 4011 et
1812 3957 2023 4022 Ulpiani
2058 3953 2254 4004 mentio
2287 3950 2532 4013 frequens

1475 4041 1614 4104 apud
1650 4037 1914 4101 Lamprid.
1946 4028 2243 4083 Alexandro
2266 4034 2323 4077 et
2348 4026 2533 4086 Elaga-

1474 4117 1613 4167 balo.
1649 4115 1835 4164 Schott.
2495 4158 2500 4161 ,

1543 4193 1681 4243 Inter
1700 4188 1897 4241 exordia
1914 4184 2087 4249 patrioe
2107 4173 2320 4241 reddito]
2367 4173 2539 4239 [Vide
