3025 4934
517 433 808 484 Anam.
835 432 1041 482 ποτ.
1087 430 1313 482 vlnus
1356 429 1715 498 innuant.
1762 431 1928 482 cst.
1977 401 2197 483 nxtv'.

226 600 236 610 ·
285 577 420 628 chum
434 575 548 642 lege
561 578 673 629 bac
687 579 1022 629 scribentem:
1042 577 1060 605 ‘
1071 577 1319 629 Posthac

283 651 435 704 Attali
489 654 807 720 Philopatris
859 654 1096 706 defuncti
1157 662 1320 704 testa-

279 738 439 780 mento
474 747 506 782 a
539 732 876 795 Pergamenis
909 731 1124 781 Romam
1152 738 1318 780 trans·

280 809 437 872 misso,
471 824 574 875 quo
602 810 821 875 populus
858 809 1118 859 Romanus
1150 808 1316 857 hares

277 884 484 949 scriptus
522 885 713 951 fuerat,
751 886 930 937 statim
966 885 1206 936 Tiberius
1248 884 1315 934 ad

277 962 507 1024 populum
532 965 673 1025 tulit,
692 972 754 1012 ut
775 962 919 1027 regia
941 962 1165 1026 pecunia
1186 962 1315 1013 civi·

275 1036 359 1086 bus
388 1038 650 1105 Romanis,
686 1041 870 1105 quibus
901 1040 1013 1105 agri
1040 1039 1316 1097 dabantur,

271 1126 358 1176 pro
378 1115 580 1164 cultura
596 1115 979 1180 assignaretur:
1002 1115 1170 1166 Mach-
1227 1145 1232 1150 ·

277 1220 282 1230 ·
327 1193 583 1258 Ager-etur]
615 1193 742 1242 Sic-‘
766 1199 924 1257 caput
946 1193 1029 1256 agi
1055 1191 1071 1214 '
1093 1192 1314 1242 dicimus

273 1266 539 1329 eleganter.
581 1270 800 1321 -Cicero
832 1271 886 1321 iu
923 1270 1118 1321 Loelioz
1171 1276 1188 1299 ‘
1211 1270 1314 1321 Mt-

271 1356 355 1392 nus
366 1346 526 1408 justas
551 1347 830 1397 amicorum
850 1348 1141 1397 voluntates
1164 1346 1312 1411 adju·

270 1420 437 1472 vandoe
483 1433 622 1481 sunt,
663 1423 717 1474 in
759 1423 948 1489 quibus
995 1437 1173 1474 eornm
1218 1430 1313 1475 aut

269 1509 408 1563 caput
427 1503 601 1563 agitur
621 1511 714 1553 aut
744 1502 883 1553 fama
902 1503 936 1554 ε’
965 1517 1118 1569 quam
1151 1503 1310 1553 etiarn

269 1579 525 1634 lectionem
542 1582 817 1634 coufirmat
834 1584 1069 1650 Agellius
1081 1598 1121 1632 ι.
1133 1587 1183 1632 3.
1198 1585 1311 1635 vul·

264 1657 360 1718 ,αἱ
379 1661 435 1709 de
453 1662 611 1724 capite
636 1661 1037 1713 substituerunt.
1098 1662 1309 1713 Terent.

265 1734 537 1807 Heautout.
578 1740 597 1768 ⁸
620 1739 739 1789 Non
771 1752 908 1789 nnuc
946 1739 1170 1803 pecnnia
1198 1738 1308 1803 agi·

264 1810 392 1862 tur?
422 1814 685 1878 quomodo
721 1823 776 1865 et
812 1816 865 1865 in
893 1815 1103 1866 Phorm.
1131 1816 1307 1880 legen·

264 1888 373 1940 dum
415 1893 629 1944 videtur
670 1894 813 1945 Actu
855 1908 937 1946 tv.
980 1895 1168 1946 Cicero
1213 1910 1308 1960 pro

262 1966 486 2020 Caecinae
523 1969 541 1998 ‘
569 1969 762 2035 Agitur
772 1972 862 2034 jus
884 1971 1133 2033 civitatis,
1155 1971 1311 2035 bona,

259 2040 467 2097 fortunae
499 2050 731 2098 omnium
763 2047 988 2100 civium?
1013 2070 1029 2082 ·
1051 2050 1188 2101 Cato
1233 2050 1307 2101 O·

261 2120 400 2182 rigia.
428 2125 519 2174 lib.
556 2139 658 2176 vn.
692 2125 710 2154 ‘
733 2126 905 2177 Multa
920 2139 1004 2176 me
1030 2126 1308 2179 dehortata

259 2207 366 2249 sunt
386 2201 484 2270 lruc
506 2203 707 2267 venire,
738 2204 879 2265 anni,
902 2210 1049 2264 atas,
1083 2219 1203 2262 vox,
1232 2206 1307 2255 vi·

261 2289 354 2339 res,
385 2289 634 2330 senectus
657 2296 674 2330 z
727 2295 905 2330 verum
950 2295 1066 2331 cum
1106 2289 1306 2333 tautum

259 2354 617 2415 rempublicam
653 2356 735 2418 agi
771 2356 1091 2407 arbitrarer.’
1122 2358 1309 2409 Seuere.

256 2428 432 2481 Verum
457 2432 510 2483 iu
532 2433 673 2482 hisce
697 2435 951 2497 exemplis
972 2437 989 2464 ‘
1012 2435 1093 2498 agi
1117 2434 1132 2458 ’
1168 2437 1306 2487 idem

256 2512 346 2564 est,
377 2509 517 2572 qnod
553 2510 856 2572 periclitari,
887 2520 946 2562 ut
979 2518 995 2540 ‘
1019 2513 1189 2576 agitur
1221 2529 1306 2564 ca·

254 2580 376 2644 put,'
395 2600 489 2649 pro
512 2585 630 2648 ejus
651 2587 759 2636 vita
775 2586 828 2636 in
844 2586 1122 2639 discrimen
1145 2590 1307 2641 addu-

255 2657 397 2711 citur.
464 2662 642 2713 Cicer.
667 2677 765 2727 pro
785 2663 925 2728 Lege
947 2665 1093 2713 Man.
1117 2681 1234 2728 cap.
1256 2672 1306 2718 2.

253 2731 471 2788 Gronov.
529 2737 597 2787 ad
644 2739 846 2789 Livium
885 2753 1076 2790 xxvn.
1116 2745 1199 2793 ³4.
1250 2749 1306 2794 et

254 2818 455 2863 xxvnr.
482 2818 565 2864 19.
597 2814 699 2865 Sed
720 2814 737 2842 ‘
764 2831 922 2882 agere
943 2817 959 2840 ’
981 2819 1083 2867 alia
1105 2818 1303 2882 signifi·

251 2888 553 2966 cationepst
587 2903 840 2959 quaerere,
864 2894 1122 2959 Judicium
1149 2910 1298 2947 exer·

250 2972 377 3013 cere.
406 2964 584 3016 Aratz.

283 3043 333 3105 ’ξ
354 3045 386 3090 6
418 3043 721 3109 prorogare]
771 3046 1001 3111 Sequenti
1019 3064 1142 3098 anuo
1163 3049 1303 3099 vellet

248 3112 295 3163 in
316 3118 442 3170 Μαι.
466 3129 570 3175 est.
592 3122 685 3171 sed
711 3137 814 3172 non
836 3122 1040 3175 videtur
1061 3140 1301 3176 necessa-

250 3191 389 3245 rium.
454 3198 599 3248 Nam
622 3199 719 3249 hoc
740 3207 820 3250 est
857 3206 873 3230 ⁶
894 3215 1173 3264 prorogare
1191 3202 1207 3225 ’
1246 3204 1298 3252 in

248 3282 543 3335 nequeuntem
560 3289 746 3324 aunum
763 3280 1083 3327 continuare.
1114 3278 1301 3330 Cicero

247 3344 296 3394 in
326 3349 603 3400 Catilinam
621 3368 638 3402 z
670 3352 819 3402 ‘'rib.
843 3353 1130 3413 Gracchus,
1161 3356 1299 3421 quod

246 3420 421 3475 iterum
458 3427 697 3477 tribunus
732 3430 803 3493 pl.
835 3430 950 3480 fleri
983 3432 1145 3482 vellet
1167 3434 1302 3484 occi·

248 3499 362 3548 sus.’
395 3502 586 3553 Sabate.

303 3579 532 3630 Adversis
549 3582 799 3647 auspiciis]
822 3582 1109 3634 Mediolan.
1130 3587 1299 3636 adver·

245 3666 316 3703 stis
351 3658 598 3722 auspic-w,-
652 3660 908 3725 quomodo
952 3660 1005 3710 in
1049 3662 1298 3726 Scipione

246 3729 436 3784 Nasica
472 3736 717 3801 loquutus
750 3744 852 3788 est.
918 3737 1059 3789 Vide
1099 3737 1300 3807 Obseq.

247 3806 427 3859 Schen-

303 3876 381 3937 §⁷
413 3876 678 3942 Diadema]
720 3876 770 3929 A
801 3877 968 3928 aaut&
998 3880 1116 3942 ligo,
1149 3882 1298 3946 quasi

243 3959 415 4012 regum
459 3954 701 4015 ligamen.
776 3955 1090 4023 Plutarchus
1137 3962 1297 4008 attes-

245 4028 378 4074 tatur
415 4043 511 4093 per
543 4043 661 4079 eum
697 4030 904 4083 demum
946 4032 1204 4093 diadema,
1240 4043 1296 4087 et

237 4114 515 4166 purpuram
559 4122 589 4156 e
636 4105 779 4168 regia
825 4125 957 4172 gaza
995 4126 1025 4160 a
1059 4111 1297 4162 Graccho

243 4177 410 4230 allata.
442 4182 607 4232 Maeli.
676 4183 809 4234 Qum
843 4186 1003 4248 signis
1026 4188 1296 4250 potiusin·

244 4248 464 4307 dicamus
478 4273 631 4324 quam
651 4259 845 4323 verbis,
863 4275 1137 4325 perperam
1154 4277 1296 4326 saepe

246 4335 488 4400 recipiunt
554 4338 1069 4416 interpretationem.
1129 4342 1296 4394 Tran-

2323 417 2456 483 651

1390 576 1581 642 quillus
1608 578 1662 629 in
1695 579 1904 631 cesare
1933 592 2050 643 cap.
2082 582 2167 630 38.
2199 584 2215 609 ·
2234 577 2366 630 Cum
2398 579 2455 631 in

1388 654 1700 720 alloquendo
1715 656 2156 721 exhortandoque,
2170 657 2359 721 saepius
2377 657 2457 706 ‹li-‘-

1391 732 1553 790 xitum
1590 733 1738 783 laevas
1771 747 1950 783 manus
1984 741 2276 790 ostentans,
2301 732 2459 783 adfir-

1390 815 1558 858 maret
1587 823 1644 858 se
1665 810 1729 859 ad
1754 808 2178 860 satisfaciendum
2202 809 2463 874 omnibns,

1390 898 1485 947 per
1500 899 1629 951 quos
1652 884 1962 949 dignitatem
1985 899 2124 935 suam
2148 883 2456 935 defensurus
2514 913 2520 922 ·

1389 961 1547 1023 esset,
1581 962 1820 1012 annulum
1854 975 2057 1026 quoque
2094 976 2243 1027 aequo
2278 965 2459 1013 animo

1390 1036 1746 1087 detracturum
1787 1038 1918 1099 sibi3
1967 1045 2204 1088 extrema
2250 1039 2459 1102 concio,

1389 1113 1475 1165 cui
1495 1114 1699 1166 facilius
1722 1122 1838 1165 erat
1861 1114 2038 1164 videre
2059 1116 2454 1168 concionantem

1389 1205 1539 1255 quam
1560 1191 1762 1254 audire,
1792 1206 1886 1254 pro
1901 1190 2043 1242 dicto
2065 1192 2289 1256 accepit,
2310 1192 2453 1258 quod

1388 1268 1500 1318 visu
1525 1268 1906 1332 suspicabatur,
1935 1271 2344 1336 promissumque
2359 1271 2452 1334 jus

1389 1346 1656 1396 anulorum
1677 1361 1794 1397 cum
1813 1346 2036 1396 millibus
2048 1345 2457 1398 cccc-distuli&-

1390 1422 1597 1472 Gruter.
1964 1453 1973 1458 -
2446 1435 2457 1448 ·

1453 1498 1620 1564 Scipio
1662 1499 1864 1565 Nasica]
1899 1501 2144 1552 Privatus
2181 1501 2279 1551 hoc
2321 1501 2453 1566 egit.

1386 1574 1578 1624 Cicero
1612 1573 1771 1626 Offic.
1808 1576 1903 1640 lib.
1923 1591 1963 1626 ι.
1997 1590 2094 1640 pro
2112 1576 2362 1636 Plancio,
2392 1584 2450 1629 et

1387 1664 1485 1714 pro
1510 1652 1681 1703 Domo
1702 1667 1824 1703 sua:
1853 1655 1870 1680 ⁸
1889 1655 1949 1704 Ρ.
1971 1652 2227 1716 Scipionis
2247 1650 2450 1705 factum

1386 1729 1565 1779 statim
1604 1729 1671 1779 P.
1706 1729 1911 1780 Mucius
1944 1730 2143 1786 consul.
2164 1729 2328 1795 quiin
2358 1744 2452 1794 ge-

1384 1805 1549 1856 renda
1588 1806 1773 1870 repub.
1813 1807 2100 1871 putabatur
2141 1807 2300 1858 fuisse
2332 1813 2455 1873 seg-⁰

1369 1879 1541 1947 ‘nior,·
1567 1886 1742 1937 multis
1802 1877 2287 1951 senatusconsultis,
2342 1902 2450 1939 nen

1383 1962 1540 2013 modo
1581 1962 1840 2032 defendit,
1875 1965 1966 2016 sed
2006 1965 2165 2016 etiam
2198 1964 2453 2017 ornavit-¹¹

1380 2038 1624 2091 &hotrum
2344 2071 2349 2074 Δ
2448 2031 2469 2068 ”

1452 2117 1553 2175 Qui
1573 2118 1753 2168 salvans
1775 2118 1844 2169 R.
1865 2118 1931 2168 Ρ.
1949 2117 2147 2182 vellent]
2203 2118 2451 2169 Formula

1382 2201 1483 2259 est,
1521 2211 1627 2260 qua
1659 2197 1850 2247 civium
1894 2196 2134 2247 evocatio
2178 2194 2339 2246 flebat
2378 2194 2457 2245 adt

1384 2273 1754 2335 rempublicam
1803 2273 2092 2338 juvandam
2153 2274 2451 2339 opprimen-

1385 2349 1586 2418 dosque
1631 2354 1925 2404 seditiosos.
1980 2353 2190 2405 Servius
2228 2354 2279 2403 in
2315 2352 2451 2403 illud

1381 2427 1572 2492 virgil.
1597 2431 1797 2481 AEueid.
1823 2446 1948 2481 vm.
1984 2437 2027 2482 1.
2066 2433 2082 2460 ‘
2100 2432 2175 2482 Ut
2196 2430 2318 2481 belli
2342 2432 2453 2495 sig·

1381 2519 1504 2555 num
1531 2507 1777 2558 Laurenti
1801 2509 2010 2558 Turnus
2040 2508 2106 2558 ab
2127 2522 2255 2558 arce
2278 2509 2446 2558 Extu-

1381 2583 1485 2635 lit.'
1544 2586 1614 2636 Et
1666 2586 1896 2637 Isidorus
1938 2586 2230 2652 Etymolog.
2271 2598 2355 2635 tx.
2393 2589 2447 2637 3.

1381 2661 1569 2712 Cicero
1591 2677 1717 2712 vero
1740 2664 1890 2715 Orat.
1916 2678 2011 2727 pro
2029 2663 2272 2714 Cornelio
2294 2661 2385 2713 lib.
2404 2675 2447 2714 r.

1378 2737 1520 2803 apud
1548 2740 1865 2792 Asconium=
1900 2740 2007 2790 ‘At
2041 2740 2180 2790 enim
2217 2740 2444 2790 extremi

1375 2830 1439 2865 ac
1476 2815 1766 2867 difficillimi
1792 2817 2041 2881 temporis
2080 2830 2259 2866 vocem
2285 2814 2451 2872 illam,

1376 2892 1436 2942 C.
1459 2892 1691 2953 Corneli,
1714 2894 1975 2944 consulem
1998 2893 2213 2943 mittere
2241 2891 2449 2964 coegi&

1374 2969 1436 3026 ti,
1460 2970 1550 3033 qui
1589 2971 1654 3020 R.
1689 2972 1755 3021 P.
1786 2972 1980 3020 salvam
2009 2986 2119 3020 esse
2142 2971 2359 3034 vellent,
2383 2976 2444 3021 ut

1372 3044 1439 3095 ad
1464 3046 1633 3109 legem
1658 3046 2008 3109 accipiendam
2033 3045 2314 3096 adessent.’
2346 3047 2447 3096 Vi·

1373 3121 1532 3171 dendi
1571 3121 1747 3171 Coesar
1778 3121 1916 3171 Belli
1962 3122 2103 3174 Gall.
2140 3122 2231 3172 lib.
2275 3135 2352 3172 vr.
2384 3129 2443 3176 et

1372 3197 1617 3249 Valerius
1658 3212 1747 3249 ιιι.
1791 3203 1839 3249 2.
1908 3198 2088 3249 Simile
2135 3197 2275 3262 apud
2323 3198 2440 3250 Ltv.

1373 3288 1576 3325 xxxtv.
1599 3279 1682 3326 26.
1702 3280 1717 3303 ‘
1737 3275 2044 3337 clamitans,
2061 3283 2122 3326 ut
2140 3276 2226 3342 qui
2244 3276 2440 3326 salvam

1374 3351 1749 3417 rempublicam
1765 3352 1978 3413 vellent,
1993 3359 2258 3402 auctorem
2275 3360 2331 3401 et
2345 3351 2441 3403 du-

1372 3440 1486 3477 cem
1508 3428 1766 3477 libertatis
1792 3427 2174 3493 sequerentur!
2207 3429 2277 3479 Et
2300 3429 2443 3478 Mar·

1373 3516 1465 3552 cus
1489 3503 1725 3554 AEmilius
1749 3504 1979 3568 Lepidus
1996 3508 2177 3555 consul
2202 3508 2439 3557 oratione

1373 3580 1440 3629 ad
1466 3582 1711 3645 populum
1739 3582 2043 3647 Romanum,
2067 3588 2125 3631 ut
2148 3597 2291 3633 arma
2314 3596 2439 3632 con·

1372 3662 1458 3706 tra
1492 3658 1688 3706 Sullam
1722 3656 2027 3706 dictatorem
2052 3657 2281 3721 capiant,
2313 3657 2440 3707 His·

1373 3741 1473 3782 tor.
1514 3734 1603 3783 lib.
1643 3747 1682 3782 ι.
1738 3733 1990 3796 Sallustii,
2033 3738 2049 3762 ⁶
2089 3732 2320 3790 Adeste,’
2364 3735 2440 3783 in·

1372 3809 1503 3874 quit,
1547 3811 1565 3839 ⁴
1587 3809 1843 3872 Quirites,
1881 3814 1939 3858 et
1970 3810 2102 3858 bene
2127 3809 2438 3872 juvantibus

1373 3887 1488 3936 Diis
1505 3886 1585 3935 Μ.
1608 3885 1865 3935 AEmilium
1889 3885 2152 3934 consulem
2177 3883 2359 3934 ducem
2379 3893 2439 3935 et

1371 3973 1638 4012 auctorem
1668 3960 1937 4025 sequimini
1973 3960 2036 4009 ad
2074 3959 2437 4022 accipiendam

1368 4037 1708 4088 libertatem-³
1739 4036 1927 4088 Schott.
1976 4036 2109 4086 Haec
2134 4045 2306 4085 tamen
2330 4034 2437 4086 for·

1370 4117 1512 4165 mula
1534 4121 1780 4178 corrupta
1804 4120 1885 4162 est
1909 4113 1959 4161 in
1984 4111 2132 4162 Leid.
2153 4116 2201 4163 2.
2234 4112 2321 4162 ubi
2345 4125 2437 4163 ex-

1369 4198 1476 4242 stat
1491 4194 1691 4242 salutem
1710 4190 1849 4253 Reip.
1876 4189 2069 4239 Melius
2086 4193 2260 4239 veram
2271 4192 2434 4256 scrip-

1371 4276 1537 4321 turam
1575 4271 1789 4317 tuentur
1814 4265 2118 4315 testimonia
2155 4280 2185 4314 a
2214 4266 2433 4321 schotto

1369 4344 1592 4409 prolata,
1613 4350 1668 4394 et
1690 4342 1865 4392 Livius
1887 4354 1961 4391 tv.
1975 4344 2058 4391 38.
2082 4347 2097 4372 ⁸
2115 4342 2187 4392 Ut
2210 4345 2432 4410 equites,
