<?xml version="1.0" encoding="UTF-8"?>
<!DOCTYPE html PUBLIC "-//W3C//DTD XHTML 1.0 Transitional//EN"
    "http://www.w3.org/TR/xhtml1/DTD/xhtml1-transitional.dtd">
<html xmlns="http://www.w3.org/1999/xhtml" xml:lang="en" lang="en">
 <head>
  <title>
</title>
<meta http-equiv="Content-Type" content="text/html;charset=utf-8" />
  <meta name='ocr-system' content='tesseract 3.04.00' />
  <meta name='ocr-capabilities' content='ocr_page ocr_carea ocr_par ocr_line ocrx_word'/>
</head>
<body>
  <div class='ocr_page' id='page_1' title='image "./sextiaureliivic00valpgoog_0136.png"; bbox 0 0 3025 4934; ppageno 0'>
   <div class='ocr_carea' id='block_1_1' title="bbox 508 389 1624 4366">
    <p class='ocr_par' dir='ltr' id='par_1_1' title="bbox 541 389 1624 1687">
     <span class='ocr_line' id='line_1_1' title="bbox 557 389 690 456; baseline 0 0"><span class='ocrx_word' id='word_1_1' title='bbox 557 389 690 456; x_wconf 75' lang='lat'><strong>580</strong></span> 
     </span>
     <span class='ocr_line' id='line_1_2' title="bbox 562 548 1622 614; baseline 0.004 -16"><span class='ocrx_word' id='word_1_2' title='bbox 562 566 610 598; x_wconf 89' lang='lat' dir='ltr'><strong>c.</strong></span> <span class='ocrx_word' id='word_1_3' title='bbox 627 554 708 600; x_wconf 82' lang='grc'><strong>87.</strong></span> <span class='ocrx_word' id='word_1_4' title='bbox 730 551 758 614; x_wconf 64' lang='grc' dir='ltr'><strong>ς</strong></span> <span class='ocrx_word' id='word_1_5' title='bbox 782 553 830 598; x_wconf 90' lang='lat' dir='ltr'><strong>l.</strong></span> <span class='ocrx_word' id='word_1_6' title='bbox 860 555 875 579; x_wconf 57' lang='grc' dir='ltr'><strong><em>θ</em></strong></span> <span class='ocrx_word' id='word_1_7' title='bbox 899 548 1128 598; x_wconf 79' lang='lat' dir='ltr'><strong>castella</strong></span> <span class='ocrx_word' id='word_1_8' title='bbox 1147 556 1202 599; x_wconf 85' lang='lat' dir='ltr'><strong>et</strong></span> <span class='ocrx_word' id='word_1_9' title='bbox 1225 549 1421 614; x_wconf 85' lang='lat' dir='ltr'><strong>oppida</strong></span> <span class='ocrx_word' id='word_1_10' title='bbox 1437 557 1622 601; x_wconf 81' lang='lat' dir='ltr'><strong>natura</strong></span> 
     </span>
     <span class='ocr_line' id='line_1_3' title="bbox 562 627 1624 693; baseline -0.002 -15"><span class='ocrx_word' id='word_1_11' title='bbox 562 636 620 678; x_wconf 84' lang='lat' dir='ltr'><strong>et</strong></span> <span class='ocrx_word' id='word_1_12' title='bbox 643 629 766 677; x_wconf 69' lang='lat' dir='ltr'><strong>viris</strong></span> <span class='ocrx_word' id='word_1_13' title='bbox 791 640 967 690; x_wconf 81' lang='lat' dir='ltr'><strong>parum</strong></span> <span class='ocrx_word' id='word_1_14' title='bbox 991 628 1190 680; x_wconf 87' lang='lat' dir='ltr'><strong>munita</strong></span> <span class='ocrx_word' id='word_1_15' title='bbox 1207 627 1243 677; x_wconf 70' lang='grc' dir='ltr'><strong>ε’</strong></span> <span class='ocrx_word' id='word_1_16' title='bbox 1273 637 1328 678; x_wconf 89' lang='lat' dir='ltr'><strong>et</strong></span> <span class='ocrx_word' id='word_1_17' title='bbox 1353 644 1400 678; x_wconf 93' lang='lat' dir='ltr'><strong>c.</strong></span> <span class='ocrx_word' id='word_1_18' title='bbox 1421 633 1503 678; x_wconf 84' lang='lat'><strong>88.</strong></span> <span class='ocrx_word' id='word_1_19' title='bbox 1526 630 1624 693; x_wconf 54' lang='lat'><strong>§4</strong></span> 
     </span>
     <span class='ocr_line' id='line_1_4' title="bbox 562 705 1621 769; baseline 0 -13"><span class='ocrx_word' id='word_1_20' title='bbox 562 705 721 756; x_wconf 80' lang='lat' dir='ltr'><strong>ovid.</strong></span> <span class='ocrx_word' id='word_1_21' title='bbox 754 705 927 769; x_wconf 87' lang='lat' dir='ltr'><strong>Epist.</strong></span> <span class='ocrx_word' id='word_1_22' title='bbox 954 705 1085 756; x_wconf 89' lang='lat' dir='ltr'><strong>Her.</strong></span> <span class='ocrx_word' id='word_1_23' title='bbox 1123 719 1240 756; x_wconf 75' lang='lat' dir='ltr'><strong>xvt.</strong></span> <span class='ocrx_word' id='word_1_24' title='bbox 1273 710 1388 757; x_wconf 77' lang='grc'><strong>329.</strong></span> <span class='ocrx_word' id='word_1_25' title='bbox 1423 707 1439 735; x_wconf 89' lang='lat'>‘</span> <span class='ocrx_word' id='word_1_26' title='bbox 1460 705 1621 756; x_wconf 71' lang='lat' dir='ltr'><strong>Troia</strong></span> 
     </span>
     <span class='ocr_line' id='line_1_5' title="bbox 559 780 1620 845; baseline -0.002 -12"><span class='ocrx_word' id='word_1_27' title='bbox 559 783 737 833; x_wconf 78' lang='lat' dir='ltr'><strong>classis</strong></span> <span class='ocrx_word' id='word_1_28' title='bbox 776 782 944 845; x_wconf 81' lang='lat' dir='ltr'><strong>adest,</strong></span> <span class='ocrx_word' id='word_1_29' title='bbox 984 780 1138 831; x_wconf 86' lang='lat' dir='ltr'><strong>armis</strong></span> <span class='ocrx_word' id='word_1_30' title='bbox 1178 782 1432 833; x_wconf 83' lang='lat' dir='ltr'><strong>instructa</strong></span> <span class='ocrx_word' id='word_1_31' title='bbox 1473 783 1620 832; x_wconf 82' lang='lat' dir='ltr'><strong>viris-</strong></span> 
     </span>
     <span class='ocr_line' id='line_1_6' title="bbox 561 855 1619 923; baseline 0 -16"><span class='ocrx_word' id='word_1_32' title='bbox 561 857 702 923; x_wconf 84' lang='lat' dir='ltr'><strong>que.’</strong></span> <span class='ocrx_word' id='word_1_33' title='bbox 765 859 856 908; x_wconf 82' lang='lat' dir='ltr'><strong>Sic</strong></span> <span class='ocrx_word' id='word_1_34' title='bbox 899 865 954 906; x_wconf 88' lang='lat' dir='ltr'><strong>ct</strong></span> <span class='ocrx_word' id='word_1_35' title='bbox 994 855 1154 921; x_wconf 70' lang='grc' dir='ltr'><strong><em>ἄνδρες</em></strong></span> <span class='ocrx_word' id='word_1_36' title='bbox 1200 858 1337 921; x_wconf 85' lang='lat' dir='ltr'><strong>apud</strong></span> <span class='ocrx_word' id='word_1_37' title='bbox 1383 857 1619 908; x_wconf 77' lang='lat' dir='ltr'><strong>Graecos.</strong></span> 
     </span>
     <span class='ocr_line' id='line_1_7' title="bbox 560 933 1620 999; baseline -0.001 -15"><span class='ocrx_word' id='word_1_38' title='bbox 560 933 852 984; x_wconf 80' lang='lat' dir='ltr'><strong>Herodian.</strong></span> <span class='ocrx_word' id='word_1_39' title='bbox 876 948 954 984; x_wconf 76' lang='lat' dir='ltr'><strong>vr.</strong></span> <span class='ocrx_word' id='word_1_40' title='bbox 969 938 1016 983; x_wconf 78' lang='lat'><strong>3.</strong></span> <span class='ocrx_word' id='word_1_41' title='bbox 1043 937 1138 999; x_wconf 80' lang='lat'><strong>§5.</strong></span> <span class='ocrx_word' id='word_1_42' title='bbox 1171 934 1456 983; x_wconf 86' lang='lat' dir='ltr'><strong>Homerum</strong></span> <span class='ocrx_word' id='word_1_43' title='bbox 1477 935 1546 984; x_wconf 92' lang='lat' dir='ltr'><strong>Il.</strong></span> <span class='ocrx_word' id='word_1_44' title='bbox 1567 940 1620 984; x_wconf 83' lang='grc' dir='ltr'><strong>Γ.</strong></span> 
     </span>
     <span class='ocr_line' id='line_1_8' title="bbox 560 1011 1619 1073; baseline 0.002 -15"><span class='ocrx_word' id='word_1_45' title='bbox 560 1023 640 1058; x_wconf 81' lang='lat' dir='ltr'><strong>vs.</strong></span> <span class='ocrx_word' id='word_1_46' title='bbox 659 1014 775 1060; x_wconf 78' lang='grc'><strong>241.</strong></span> <span class='ocrx_word' id='word_1_47' title='bbox 796 1018 852 1059; x_wconf 90' lang='lat' dir='ltr'><strong>et</strong></span> <span class='ocrx_word' id='word_1_48' title='bbox 875 1011 1012 1073; x_wconf 86' lang='lat' dir='ltr'><strong>apud</strong></span> <span class='ocrx_word' id='word_1_49' title='bbox 1036 1024 1151 1059; x_wconf 85' lang='lat' dir='ltr'><strong>eum</strong></span> <span class='ocrx_word' id='word_1_50' title='bbox 1175 1012 1390 1061; x_wconf 87' lang='lat' dir='ltr'><strong>centies.</strong></span> <span class='ocrx_word' id='word_1_51' title='bbox 1432 1012 1619 1061; x_wconf 88' lang='lat' dir='ltr'><strong>Potius</strong></span> 
     </span>
     <span class='ocr_line' id='line_1_9' title="bbox 541 1087 1621 1146; baseline 0.003 -12"><span class='ocrx_word' id='word_1_52' title='bbox 541 1092 733 1146; x_wconf 78' lang='lat' dir='ltr'><strong>,tamen</strong></span> <span class='ocrx_word' id='word_1_53' title='bbox 777 1101 894 1136; x_wconf 86' lang='lat' dir='ltr'><strong>cum</strong></span> <span class='ocrx_word' id='word_1_54' title='bbox 941 1087 1071 1136; x_wconf 82' lang='lat' dir='ltr'><strong>Mas.</strong></span> <span class='ocrx_word' id='word_1_55' title='bbox 1125 1087 1312 1137; x_wconf 85' lang='lat' dir='ltr'><strong>sentio.</strong></span> <span class='ocrx_word' id='word_1_56' title='bbox 1376 1087 1621 1137; x_wconf 85' lang='lat' dir='ltr'><strong>Machan.</strong></span> 
     </span>
     <span class='ocr_line' id='line_1_10' title="bbox 557 1162 1621 1227; baseline 0.002 -15"><span class='ocrx_word' id='word_1_57' title='bbox 557 1163 712 1227; x_wconf 87' lang='lat' dir='ltr'><strong>pejus</strong></span> <span class='ocrx_word' id='word_1_58' title='bbox 732 1162 976 1213; x_wconf 82' lang='lat' dir='ltr'><strong>ediderat</strong></span> <span class='ocrx_word' id='word_1_59' title='bbox 1005 1164 1292 1213; x_wconf 76' lang='lat' dir='ltr'><strong>vulneribus.</strong></span> <span class='ocrx_word' id='word_1_60' title='bbox 1358 1164 1466 1214; x_wconf 93' lang='lat' dir='ltr'><strong>Pro</strong></span> <span class='ocrx_word' id='word_1_61' title='bbox 1491 1164 1621 1214; x_wconf 70' lang='lat' dir='ltr'><strong>sabi·</strong></span> 
     </span>
     <span class='ocr_line' id='line_1_11' title="bbox 554 1241 1620 1306; baseline 0.003 -17"><span class='ocrx_word' id='word_1_62' title='bbox 554 1255 671 1301; x_wconf 75' lang='lat' dir='ltr'><strong>gere</strong></span> <span class='ocrx_word' id='word_1_63' title='bbox 713 1241 929 1305; x_wconf 87' lang='lat' dir='ltr'><strong>antiqua</strong></span> <span class='ocrx_word' id='word_1_64' title='bbox 966 1243 1225 1305; x_wconf 78' lang='lat' dir='ltr'><strong>scriptura</strong></span> <span class='ocrx_word' id='word_1_65' title='bbox 1272 1241 1480 1292; x_wconf 77' lang='lat' dir='ltr'><strong>subicere</strong></span> <span class='ocrx_word' id='word_1_66' title='bbox 1523 1256 1620 1306; x_wconf 83' lang='lat' dir='ltr'><strong>pro</strong></span> 
     </span>
     <span class='ocr_line' id='line_1_12' title="bbox 557 1315 1619 1376; baseline 0.003 -12"><span class='ocrx_word' id='word_1_67' title='bbox 557 1315 786 1376; x_wconf 58' lang='lat' dir='ltr'><strong>subiicere</strong></span> <span class='ocrx_word' id='word_1_68' title='bbox 820 1321 901 1365; x_wconf 83' lang='lat' dir='ltr'><strong>est</strong></span> <span class='ocrx_word' id='word_1_69' title='bbox 932 1316 986 1364; x_wconf 87' lang='lat' dir='ltr'><strong>in</strong></span> <span class='ocrx_word' id='word_1_70' title='bbox 1018 1316 1169 1365; x_wconf 84' lang='lat' dir='ltr'><strong>Leid.</strong></span> <span class='ocrx_word' id='word_1_71' title='bbox 1192 1320 1242 1366; x_wconf 93' lang='lat'><strong>1.</strong></span> <span class='ocrx_word' id='word_1_72' title='bbox 1275 1316 1453 1366; x_wconf 87' lang='lat' dir='ltr'><strong>confer</strong></span> <span class='ocrx_word' id='word_1_73' title='bbox 1481 1318 1619 1367; x_wconf 87' lang='lat' dir='ltr'><strong>Dra·</strong></span> 
     </span>
     <span class='ocr_line' id='line_1_13' title="bbox 558 1391 1618 1445; baseline 0.004 -4"><span class='ocrx_word' id='word_1_74' title='bbox 558 1392 717 1441; x_wconf 85' lang='lat' dir='ltr'><strong>kenb.</strong></span> <span class='ocrx_word' id='word_1_75' title='bbox 738 1391 803 1441; x_wconf 83' lang='lat' dir='ltr'><strong>ad</strong></span> <span class='ocrx_word' id='word_1_76' title='bbox 827 1393 921 1443; x_wconf 86' lang='lat' dir='ltr'><strong>Sil.</strong></span> <span class='ocrx_word' id='word_1_77' title='bbox 953 1406 1085 1443; x_wconf 85' lang='lat' dir='ltr'><strong>xm.</strong></span> <span class='ocrx_word' id='word_1_78' title='bbox 1107 1397 1222 1443; x_wconf 83' lang='grc'><strong>298.</strong></span> <span class='ocrx_word' id='word_1_79' title='bbox 1246 1402 1302 1443; x_wconf 86' lang='lat' dir='ltr'><strong>et</strong></span> <span class='ocrx_word' id='word_1_80' title='bbox 1325 1394 1618 1445; x_wconf 84' lang='lat' dir='ltr'><strong>comment.</strong></span> 
     </span>
     <span class='ocr_line' id='line_1_14' title="bbox 558 1468 1616 1534; baseline 0.004 -17"><span class='ocrx_word' id='word_1_81' title='bbox 558 1468 624 1518; x_wconf 86' lang='lat' dir='ltr'><strong>ad</strong></span> <span class='ocrx_word' id='word_1_82' title='bbox 661 1470 860 1520; x_wconf 88' lang='lat' dir='ltr'><strong>Lucan.</strong></span> <span class='ocrx_word' id='word_1_83' title='bbox 890 1483 994 1521; x_wconf 84' lang='lat' dir='ltr'><strong>vu.</strong></span> <span class='ocrx_word' id='word_1_84' title='bbox 1024 1474 1140 1520; x_wconf 85' lang='grc'><strong>574.</strong></span> <span class='ocrx_word' id='word_1_85' title='bbox 1202 1470 1309 1521; x_wconf 85' lang='lat' dir='ltr'><strong>Sed</strong></span> <span class='ocrx_word' id='word_1_86' title='bbox 1347 1479 1616 1534; x_wconf 77' lang='lat' dir='ltr'><strong>receptam</strong></span> 
     </span>
     <span class='ocr_line' id='line_1_15' title="bbox 558 1545 1615 1599; baseline 0.002 -4"><span class='ocrx_word' id='word_1_87' title='bbox 558 1552 773 1595; x_wconf 83' lang='lat' dir='ltr'><strong>tuentur</strong></span> <span class='ocrx_word' id='word_1_88' title='bbox 794 1545 882 1595; x_wconf 86' lang='lat' dir='ltr'><strong>ina</strong></span> <span class='ocrx_word' id='word_1_89' title='bbox 903 1547 1070 1597; x_wconf 86' lang='lat' dir='ltr'><strong>Cortii</strong></span> <span class='ocrx_word' id='word_1_90' title='bbox 1107 1546 1174 1596; x_wconf 86' lang='lat' dir='ltr'><strong>ad</strong></span> <span class='ocrx_word' id='word_1_91' title='bbox 1207 1548 1422 1599; x_wconf 85' lang='lat' dir='ltr'><strong>Sallust.</strong></span> <span class='ocrx_word' id='word_1_92' title='bbox 1458 1548 1615 1599; x_wconf 90' lang='lat' dir='ltr'><strong>Catil.</strong></span> 
     </span>
     <span class='ocr_line' id='line_1_16' title="bbox 561 1624 1384 1687; baseline 0 -14"><span class='ocrx_word' id='word_1_93' title='bbox 561 1637 608 1673; x_wconf 88' lang='lat' dir='ltr'><strong>c.</strong></span> <span class='ocrx_word' id='word_1_94' title='bbox 627 1627 679 1671; x_wconf 89' lang='grc'><strong>2.</strong></span> <span class='ocrx_word' id='word_1_95' title='bbox 700 1624 728 1687; x_wconf 64' lang='grc' dir='ltr'><strong>ς</strong></span> <span class='ocrx_word' id='word_1_96' title='bbox 749 1627 801 1671; x_wconf 92' lang='grc'><strong>2.</strong></span> <span class='ocrx_word' id='word_1_97' title='bbox 824 1629 880 1673; x_wconf 91' lang='lat' dir='ltr'><strong>et</strong></span> <span class='ocrx_word' id='word_1_98' title='bbox 900 1636 949 1673; x_wconf 86' lang='lat' dir='ltr'><strong>c.</strong></span> <span class='ocrx_word' id='word_1_99' title='bbox 971 1626 1050 1673; x_wconf 83' lang='lat'><strong>1⁰.</strong></span> <span class='ocrx_word' id='word_1_100' title='bbox 1071 1624 1100 1687; x_wconf 62' lang='grc' dir='ltr'><strong>ξ</strong></span> <span class='ocrx_word' id='word_1_101' title='bbox 1125 1627 1174 1672; x_wconf 89' lang='lat'><strong>1.</strong></span> <span class='ocrx_word' id='word_1_102' title='bbox 1204 1624 1384 1673; x_wconf 73' lang='lat' dir='ltr'><strong>Arntz.</strong></span> 
     </span>
    </p>

    <p class='ocr_par' dir='ltr' id='par_1_2' title="bbox 525 1697 1622 2514">
     <span class='ocr_line' id='line_1_17' title="bbox 623 1697 1615 1764; baseline 0.003 -17"><span class='ocrx_word' id='word_1_103' title='bbox 623 1700 652 1762; x_wconf 58' lang='grc' dir='ltr'><strong>ς</strong></span> <span class='ocrx_word' id='word_1_104' title='bbox 691 1705 720 1747; x_wconf 78' lang='lat'><strong>5</strong></span> <span class='ocrx_word' id='word_1_105' title='bbox 766 1697 896 1755; x_wconf 72' lang='lat' dir='ltr'><strong>Quia</strong></span> <span class='ocrx_word' id='word_1_106' title='bbox 929 1698 1052 1748; x_wconf 57' lang='lat' dir='ltr'><strong>aasz·</strong></span> <span class='ocrx_word' id='word_1_107' title='bbox 1086 1714 1196 1749; x_wconf 72' lang='lat' dir='ltr'><strong>cum</strong></span> <span class='ocrx_word' id='word_1_108' title='bbox 1229 1699 1344 1764; x_wconf 78' lang='lat' dir='ltr'><strong>tali]</strong></span> <span class='ocrx_word' id='word_1_109' title='bbox 1395 1699 1615 1751; x_wconf 88' lang='lat' dir='ltr'><strong>Orosius</strong></span> 
     </span>
     <span class='ocr_line' id='line_1_18' title="bbox 556 1771 1618 1840; baseline 0.004 -17"><span class='ocrx_word' id='word_1_110' title='bbox 556 1771 891 1839; x_wconf 83' lang='lat' dir='ltr'><strong>respondisse</strong></span> <span class='ocrx_word' id='word_1_111' title='bbox 926 1776 1020 1837; x_wconf 86' lang='lat' dir='ltr'><strong>ait,</strong></span> <span class='ocrx_word' id='word_1_112' title='bbox 1049 1776 1066 1803; x_wconf 92' lang='lat'>‘</span> <span class='ocrx_word' id='word_1_113' title='bbox 1092 1777 1192 1827; x_wconf 78' lang='lat' dir='ltr'><strong>Nae</strong></span> <span class='ocrx_word' id='word_1_114' title='bbox 1224 1791 1345 1840; x_wconf 71' lang='lat' dir='ltr'><strong>ego,</strong></span> <span class='ocrx_word' id='word_1_115' title='bbox 1365 1777 1407 1826; x_wconf 91' lang='lat' dir='ltr'><strong>si</strong></span> <span class='ocrx_word' id='word_1_116' title='bbox 1429 1778 1618 1828; x_wconf 86' lang='lat' dir='ltr'><strong>iterum</strong></span> 
     </span>
     <span class='ocr_line' id='line_1_19' title="bbox 557 1851 1618 1910; baseline 0.003 -10"><span class='ocrx_word' id='word_1_117' title='bbox 557 1852 740 1901; x_wconf 86' lang='lat' dir='ltr'><strong>eodem</strong></span> <span class='ocrx_word' id='word_1_118' title='bbox 775 1851 931 1901; x_wconf 85' lang='lat' dir='ltr'><strong>modo</strong></span> <span class='ocrx_word' id='word_1_119' title='bbox 953 1852 1144 1910; x_wconf 81' lang='lat' dir='ltr'><strong>vicero.</strong></span> <span class='ocrx_word' id='word_1_120' title='bbox 1173 1852 1282 1903; x_wconf 85' lang='lat' dir='ltr'><strong>sine</strong></span> <span class='ocrx_word' id='word_1_121' title='bbox 1312 1853 1418 1903; x_wconf 89' lang='lat' dir='ltr'><strong>ullo</strong></span> <span class='ocrx_word' id='word_1_122' title='bbox 1450 1855 1618 1904; x_wconf 86' lang='lat' dir='ltr'><strong>milite</strong></span> 
     </span>
     <span class='ocr_line' id='line_1_20' title="bbox 557 1926 1618 1994; baseline 0.005 -19"><span class='ocrx_word' id='word_1_123' title='bbox 557 1926 837 1977; x_wconf 82' lang='lat' dir='ltr'><strong>revertar.’·</strong></span> <span class='ocrx_word' id='word_1_124' title='bbox 894 1928 1026 1977; x_wconf 83' lang='lat' dir='ltr'><strong>Mox</strong></span> <span class='ocrx_word' id='word_1_125' title='bbox 1062 1934 1236 1991; x_wconf 56' lang='lat' dir='ltr'><strong>putus</strong></span> <span class='ocrx_word' id='word_1_126' title='bbox 1273 1930 1482 1980; x_wconf 75' lang='lat' dir='ltr'><strong>reddidit</strong></span> <span class='ocrx_word' id='word_1_127' title='bbox 1523 1944 1618 1994; x_wconf 91' lang='lat' dir='ltr'><strong>pro</strong></span> 
     </span>
     <span class='ocr_line' id='line_1_21' title="bbox 557 2002 1619 2069; baseline 0.004 -18"><span class='ocrx_word' id='word_1_128' title='bbox 557 2005 573 2033; x_wconf 84' lang='lat'>‘</span> <span class='ocrx_word' id='word_1_129' title='bbox 598 2002 799 2067; x_wconf 80' lang='lat' dir='ltr'><strong>gratis.’</strong></span> <span class='ocrx_word' id='word_1_130' title='bbox 831 2002 1016 2054; x_wconf 70' lang='lat' dir='ltr'><strong>Schott.</strong></span> <span class='ocrx_word' id='word_1_131' title='bbox 1082 2005 1412 2069; x_wconf 77' lang='lat' dir='ltr'><strong>Elegantiam</strong></span> <span class='ocrx_word' id='word_1_132' title='bbox 1439 2020 1619 2055; x_wconf 85' lang='lat' dir='ltr'><strong>corru-</strong></span> 
     </span>
     <span class='ocr_line' id='line_1_22' title="bbox 555 2080 1621 2147; baseline 0.001 -17"><span class='ocrx_word' id='word_1_133' title='bbox 555 2081 638 2143; x_wconf 88' lang='lat' dir='ltr'><strong>pit</strong></span> <span class='ocrx_word' id='word_1_134' title='bbox 657 2080 808 2131; x_wconf 85' lang='lat' dir='ltr'><strong>Leid.</strong></span> <span class='ocrx_word' id='word_1_135' title='bbox 826 2085 879 2133; x_wconf 88' lang='grc'><strong>2.</strong></span> <span class='ocrx_word' id='word_1_136' title='bbox 900 2082 1013 2145; x_wconf 72' lang='lat' dir='ltr'><strong>qaia</strong></span> <span class='ocrx_word' id='word_1_137' title='bbox 1031 2081 1152 2130; x_wconf 66' lang='lat' dir='ltr'><strong><em>„nihi</em></strong></span> <span class='ocrx_word' id='word_1_138' title='bbox 1173 2082 1402 2131; x_wconf 87' lang='lat' dir='ltr'><strong>scribens</strong></span> <span class='ocrx_word' id='word_1_139' title='bbox 1419 2097 1436 2142; x_wconf 89' lang='lat'><strong>;</strong></span> <span class='ocrx_word' id='word_1_140' title='bbox 1473 2082 1621 2147; x_wconf 87' lang='lat' dir='ltr'><strong>quasi</strong></span> 
     </span>
     <span class='ocr_line' id='line_1_23' title="bbox 556 2155 1619 2209; baseline 0.002 -4"><span class='ocrx_word' id='word_1_141' title='bbox 556 2172 657 2206; x_wconf 85' lang='lat' dir='ltr'><strong>non</strong></span> <span class='ocrx_word' id='word_1_142' title='bbox 675 2157 899 2207; x_wconf 82' lang='lat' dir='ltr'><strong>solennis</strong></span> <span class='ocrx_word' id='word_1_143' title='bbox 919 2158 1010 2206; x_wconf 88' lang='lat' dir='ltr'><strong>illa</strong></span> <span class='ocrx_word' id='word_1_144' title='bbox 1030 2163 1165 2206; x_wconf 80' lang='lat' dir='ltr'><strong>esset</strong></span> <span class='ocrx_word' id='word_1_145' title='bbox 1183 2155 1435 2206; x_wconf 84' lang='lat' dir='ltr'><strong>formula:</strong></span> <span class='ocrx_word' id='word_1_146' title='bbox 1462 2157 1619 2209; x_wconf 82' lang='lat' dir='ltr'><strong>ovid.</strong></span> 
     </span>
     <span class='ocr_line' id='line_1_24' title="bbox 525 2232 1617 2295; baseline 0.001 -13"><span class='ocrx_word' id='word_1_147' title='bbox 525 2276 529 2282; x_wconf 91' lang='lat'><strong>.</strong></span> <span class='ocrx_word' id='word_1_148' title='bbox 555 2233 735 2295; x_wconf 84' lang='lat' dir='ltr'><strong>Epist.-</strong></span> <span class='ocrx_word' id='word_1_149' title='bbox 746 2232 879 2283; x_wconf 87' lang='lat' dir='ltr'><strong>Her.</strong></span> <span class='ocrx_word' id='word_1_150' title='bbox 897 2245 1022 2283; x_wconf 76' lang='lat' dir='ltr'><strong>xnr.</strong></span> <span class='ocrx_word' id='word_1_151' title='bbox 1040 2237 1121 2285; x_wconf 82' lang='lat'><strong>65.</strong></span> <span class='ocrx_word' id='word_1_152' title='bbox 1155 2235 1172 2263; x_wconf 87' lang='lat'>‘</span> <span class='ocrx_word' id='word_1_153' title='bbox 1190 2233 1329 2286; x_wconf 79' lang='lat' dir='ltr'><strong>Quid</strong></span> <span class='ocrx_word' id='word_1_154' title='bbox 1353 2233 1477 2282; x_wconf 83' lang='lat' dir='ltr'><strong>mihi</strong></span> <span class='ocrx_word' id='word_1_155' title='bbox 1498 2248 1617 2283; x_wconf 86' lang='lat' dir='ltr'><strong>cum</strong></span> 
     </span>
     <span class='ocr_line' id='line_1_25' title="bbox 555 2308 1622 2374; baseline 0.002 -16"><span class='ocrx_word' id='word_1_156' title='bbox 555 2309 735 2359; x_wconf 82' lang='lat' dir='ltr'><strong>ferro?</strong></span> <span class='ocrx_word' id='word_1_157' title='bbox 770 2325 872 2374; x_wconf 88' lang='lat' dir='ltr'><strong>quo</strong></span> <span class='ocrx_word' id='word_1_158' title='bbox 896 2309 1081 2360; x_wconf 86' lang='lat' dir='ltr'><strong>bellica</strong></span> <span class='ocrx_word' id='word_1_159' title='bbox 1103 2311 1208 2360; x_wconf 89' lang='lat' dir='ltr'><strong>tela</strong></span> <span class='ocrx_word' id='word_1_160' title='bbox 1232 2311 1420 2374; x_wconf 78' lang='lat' dir='ltr'><strong>puellae</strong></span> <span class='ocrx_word' id='word_1_161' title='bbox 1440 2308 1476 2359; x_wconf 62' lang='grc' dir='ltr'><strong><em>Ρ</em></strong></span> <span class='ocrx_word' id='word_1_162' title='bbox 1512 2311 1622 2360; x_wconf 88' lang='lat' dir='ltr'><strong>Pli-</strong></span> 
     </span>
     <span class='ocr_line' id='line_1_26' title="bbox 554 2386 1616 2451; baseline 0 -14"><span class='ocrx_word' id='word_1_163' title='bbox 554 2388 671 2437; x_wconf 89' lang='lat' dir='ltr'><strong>nius</strong></span> <span class='ocrx_word' id='word_1_164' title='bbox 693 2389 864 2451; x_wconf 87' lang='lat' dir='ltr'><strong>Epist.</strong></span> <span class='ocrx_word' id='word_1_165' title='bbox 881 2401 923 2438; x_wconf 93' lang='lat'><strong>1.</strong></span> <span class='ocrx_word' id='word_1_166' title='bbox 947 2394 997 2437; x_wconf 83' lang='grc'><strong>5.</strong></span> <span class='ocrx_word' id='word_1_167' title='bbox 1029 2389 1047 2415; x_wconf 80' lang='lat'><em>⁴</em></span> <span class='ocrx_word' id='word_1_168' title='bbox 1062 2386 1204 2440; x_wconf 83' lang='lat' dir='ltr'><strong>Quid</strong></span> <span class='ocrx_word' id='word_1_169' title='bbox 1228 2387 1325 2437; x_wconf 87' lang='lat' dir='ltr'><strong>tibi</strong></span> <span class='ocrx_word' id='word_1_170' title='bbox 1347 2402 1463 2437; x_wconf 80' lang='lat' dir='ltr'><strong>curu</strong></span> <span class='ocrx_word' id='word_1_171' title='bbox 1485 2388 1616 2437; x_wconf 86' lang='lat' dir='ltr'><strong>meis</strong></span> 
     </span>
     <span class='ocr_line' id='line_1_27' title="bbox 559 2462 1049 2514; baseline 0 -1"><span class='ocrx_word' id='word_1_172' title='bbox 559 2464 781 2514; x_wconf 86' lang='lat' dir='ltr'><strong>mortuis</strong></span> <span class='ocrx_word' id='word_1_173' title='bbox 803 2462 842 2513; x_wconf 64' lang='grc' dir='ltr'><strong>θ’</strong></span> <span class='ocrx_word' id='word_1_174' title='bbox 874 2463 1049 2514; x_wconf 72' lang='lat' dir='ltr'><strong>Arata.</strong></span> 
     </span>
    </p>

    <p class='ocr_par' dir='ltr' id='par_1_3' title="bbox 556 2538 1616 2754">
     <span class='ocr_line' id='line_1_28' title="bbox 620 2538 1616 2605; baseline 0 -15"><span class='ocrx_word' id='word_1_175' title='bbox 620 2540 882 2590; x_wconf 71' lang='lat' dir='ltr'><strong><em>Exercitus</em></strong></span> <span class='ocrx_word' id='word_1_176' title='bbox 892 2538 1058 2603; x_wconf 73' lang='lat' dir='ltr'><strong>robur]</strong></span> <span class='ocrx_word' id='word_1_177' title='bbox 1078 2540 1216 2589; x_wconf 87' lang='lat' dir='ltr'><strong>Nam</strong></span> <span class='ocrx_word' id='word_1_178' title='bbox 1231 2540 1453 2605; x_wconf 88' lang='lat' dir='ltr'><strong>optimos</strong></span> <span class='ocrx_word' id='word_1_179' title='bbox 1468 2548 1616 2591; x_wconf 89' lang='lat' dir='ltr'><strong>certe</strong></span> 
     </span>
     <span class='ocr_line' id='line_1_29' title="bbox 557 2616 1615 2681; baseline 0.002 -15"><span class='ocrx_word' id='word_1_180' title='bbox 557 2630 621 2666; x_wconf 77' lang='lat' dir='ltr'><strong>ex</strong></span> <span class='ocrx_word' id='word_1_181' title='bbox 651 2616 852 2680; x_wconf 82' lang='lat' dir='ltr'><strong>amicis,</strong></span> <span class='ocrx_word' id='word_1_182' title='bbox 883 2623 941 2665; x_wconf 83' lang='lat' dir='ltr'><strong>et</strong></span> <span class='ocrx_word' id='word_1_183' title='bbox 974 2630 1040 2666; x_wconf 84' lang='lat' dir='ltr'><strong>ex</strong></span> <span class='ocrx_word' id='word_1_184' title='bbox 1074 2616 1306 2672; x_wconf 86' lang='lat' dir='ltr'><strong>ducibus,</strong></span> <span class='ocrx_word' id='word_1_185' title='bbox 1339 2623 1398 2667; x_wconf 88' lang='lat' dir='ltr'><strong>et</strong></span> <span class='ocrx_word' id='word_1_186' title='bbox 1429 2618 1615 2681; x_wconf 83' lang='lat' dir='ltr'><strong>quibus</strong></span> 
     </span>
     <span class='ocr_line' id='line_1_30' title="bbox 556 2692 1431 2754; baseline 0.001 -12"><span class='ocrx_word' id='word_1_187' title='bbox 556 2693 778 2743; x_wconf 80' lang='lat' dir='ltr'><strong>maxime</strong></span> <span class='ocrx_word' id='word_1_188' title='bbox 800 2692 1024 2754; x_wconf 79' lang='lat' dir='ltr'><strong>fidebat,</strong></span> <span class='ocrx_word' id='word_1_189' title='bbox 1045 2693 1230 2743; x_wconf 77' lang='lat' dir='ltr'><strong>amisit.</strong></span> <span class='ocrx_word' id='word_1_190' title='bbox 1265 2694 1431 2743; x_wconf 64' lang='grc' dir='ltr'><strong>Μυσὴ.</strong></span> 
     </span>
    </p>

    <p class='ocr_par' dir='ltr' id='par_1_4' title="bbox 553 2768 1618 3058">
     <span class='ocr_line' id='line_1_31' title="bbox 619 2768 1617 2834; baseline 0.001 -16"><span class='ocrx_word' id='word_1_191' title='bbox 619 2772 649 2834; x_wconf 82' lang='lat'>§</span> <span class='ocrx_word' id='word_1_192' title='bbox 683 2773 717 2817; x_wconf 79' lang='lat'><strong>6</strong></span> <span class='ocrx_word' id='word_1_193' title='bbox 748 2768 831 2819; x_wconf 71' lang='lat' dir='ltr'><strong>Aa</strong></span> <span class='ocrx_word' id='word_1_194' title='bbox 861 2768 1154 2831; x_wconf 77' lang='lat' dir='ltr'><strong>vicesimum]</strong></span> <span class='ocrx_word' id='word_1_195' title='bbox 1197 2769 1417 2834; x_wconf 89' lang='lat' dir='ltr'><strong>Eutrop.</strong></span> <span class='ocrx_word' id='word_1_196' title='bbox 1438 2768 1531 2821; x_wconf 87' lang='lat' dir='ltr'><strong>lib.</strong></span> <span class='ocrx_word' id='word_1_197' title='bbox 1551 2785 1617 2821; x_wconf 87' lang='grc' dir='ltr'><strong>ιι.</strong></span> 
     </span>
     <span class='ocr_line' id='line_1_32' title="bbox 556 2846 1617 2898; baseline 0 0"><span class='ocrx_word' id='word_1_198' title='bbox 556 2862 619 2898; x_wconf 88' lang='lat' dir='ltr'><strong>ac</strong></span> <span class='ocrx_word' id='word_1_199' title='bbox 657 2846 966 2896; x_wconf 74' lang='lat' dir='ltr'><strong>Plutarchus</strong></span> <span class='ocrx_word' id='word_1_200' title='bbox 1004 2848 1268 2897; x_wconf 88' lang='lat' dir='ltr'><strong>Preneste</strong></span> <span class='ocrx_word' id='word_1_201' title='bbox 1312 2847 1514 2898; x_wconf 86' lang='lat' dir='ltr'><strong>milliari</strong></span> <span class='ocrx_word' id='word_1_202' title='bbox 1550 2848 1617 2898; x_wconf 86' lang='lat' dir='ltr'><strong>ab</strong></span> 
     </span>
     <span class='ocr_line' id='line_1_33' title="bbox 553 2923 1618 2975; baseline -0.001 0"><span class='ocrx_word' id='word_1_203' title='bbox 553 2924 698 2975; x_wconf 88' lang='lat' dir='ltr'><strong>Urbe</strong></span> <span class='ocrx_word' id='word_1_204' title='bbox 721 2931 907 2974; x_wconf 83' lang='lat' dir='ltr'><strong>octavo</strong></span> <span class='ocrx_word' id='word_1_205' title='bbox 938 2923 1142 2973; x_wconf 84' lang='lat' dir='ltr'><strong>decimo</strong></span> <span class='ocrx_word' id='word_1_206' title='bbox 1178 2923 1382 2975; x_wconf 86' lang='lat' dir='ltr'><strong>venisse</strong></span> <span class='ocrx_word' id='word_1_207' title='bbox 1414 2924 1618 2974; x_wconf 77' lang='lat' dir='ltr'><strong>scribit.</strong></span> 
     </span>
     <span class='ocr_line' id='line_1_34' title="bbox 553 3000 1423 3058; baseline -0.005 -6"><span class='ocrx_word' id='word_1_208' title='bbox 553 3001 738 3052; x_wconf 86' lang='lat' dir='ltr'><strong>Florus</strong></span> <span class='ocrx_word' id='word_1_209' title='bbox 761 3016 793 3050; x_wconf 86' lang='lat' dir='ltr'><strong>a</strong></span> <span class='ocrx_word' id='word_1_210' title='bbox 816 3000 965 3051; x_wconf 88' lang='lat' dir='ltr'><strong>nobis</strong></span> <span class='ocrx_word' id='word_1_211' title='bbox 989 3007 1114 3051; x_wconf 84' lang='lat' dir='ltr'><strong>stat.</strong></span> <span class='ocrx_word' id='word_1_212' title='bbox 1149 3001 1337 3058; x_wconf 73' lang='lat' dir='ltr'><strong>Schott.</strong></span> <span class='ocrx_word' id='word_1_213' title='bbox 1398 3027 1423 3048; x_wconf 64' lang='grc'><strong>».</strong></span> 
     </span>
    </p>

    <p class='ocr_par' dir='ltr' id='par_1_5' title="bbox 508 3075 1616 3587">
     <span class='ocr_line' id='line_1_35' title="bbox 624 3075 1616 3142; baseline -0.001 -14"><span class='ocrx_word' id='word_1_214' title='bbox 624 3079 797 3128; x_wconf 81' lang='lat' dir='ltr'><strong>Gratis</strong></span> <span class='ocrx_word' id='word_1_215' title='bbox 832 3075 988 3142; x_wconf 72' lang='lat' dir='ltr'><strong>dedit]</strong></span> <span class='ocrx_word' id='word_1_216' title='bbox 1026 3078 1253 3140; x_wconf 73' lang='lat' dir='ltr'><strong>cognita</strong></span> <span class='ocrx_word' id='word_1_217' title='bbox 1283 3078 1616 3142; x_wconf 80' lang='lat' dir='ltr'><strong>magnanimi·</strong></span> 
     </span>
     <span class='ocr_line' id='line_1_36' title="bbox 555 3153 1614 3219; baseline 0.001 -17"><span class='ocrx_word' id='word_1_218' title='bbox 555 3159 667 3203; x_wconf 86' lang='lat' dir='ltr'><strong>tate</strong></span> <span class='ocrx_word' id='word_1_219' title='bbox 701 3154 855 3209; x_wconf 70' lang='lat' dir='ltr'><strong>illius.</strong></span> <span class='ocrx_word' id='word_1_220' title='bbox 888 3153 1098 3219; x_wconf 87' lang='lat' dir='ltr'><strong>quando</strong></span> <span class='ocrx_word' id='word_1_221' title='bbox 1135 3153 1404 3216; x_wconf 86' lang='lat' dir='ltr'><strong>pecuniam</strong></span> <span class='ocrx_word' id='word_1_222' title='bbox 1428 3169 1459 3203; x_wconf 88' lang='lat' dir='ltr'><strong>a</strong></span> <span class='ocrx_word' id='word_1_223' title='bbox 1491 3168 1614 3217; x_wconf 83' lang='lat' dir='ltr'><strong>rege</strong></span> 
     </span>
     <span class='ocr_line' id='line_1_37' title="bbox 554 3230 1615 3295; baseline -0.001 -15"><span class='ocrx_word' id='word_1_224' title='bbox 554 3244 750 3292; x_wconf 86' lang='lat' dir='ltr'><strong>capere</strong></span> <span class='ocrx_word' id='word_1_225' title='bbox 769 3231 964 3291; x_wconf 84' lang='lat' dir='ltr'><strong>noluit;</strong></span> <span class='ocrx_word' id='word_1_226' title='bbox 996 3230 1093 3280; x_wconf 90' lang='lat' dir='ltr'><strong>hoc</strong></span> <span class='ocrx_word' id='word_1_227' title='bbox 1118 3237 1311 3280; x_wconf 42' lang='lat' dir='ltr'><strong>tamen*</strong></span> <span class='ocrx_word' id='word_1_228' title='bbox 1327 3239 1482 3295; x_wconf 86' lang='lat' dir='ltr'><strong>pacto</strong></span> <span class='ocrx_word' id='word_1_229' title='bbox 1505 3230 1615 3279; x_wconf 85' lang='lat' dir='ltr'><strong>dati</strong></span> 
     </span>
     <span class='ocr_line' id='line_1_38' title="bbox 556 3305 1615 3376; baseline 0.001 -22"><span class='ocrx_word' id='word_1_230' title='bbox 556 3312 697 3368; x_wconf 87' lang='lat' dir='ltr'><strong>sunt,</strong></span> <span class='ocrx_word' id='word_1_231' title='bbox 717 3312 777 3355; x_wconf 89' lang='lat' dir='ltr'><strong>ut</strong></span> <span class='ocrx_word' id='word_1_232' title='bbox 794 3306 837 3356; x_wconf 87' lang='lat' dir='ltr'><strong>si</strong></span> <span class='ocrx_word' id='word_1_233' title='bbox 862 3321 965 3369; x_wconf 81' lang='lat' dir='ltr'><strong>pax</strong></span> <span class='ocrx_word' id='word_1_234' title='bbox 1001 3320 1101 3355; x_wconf 90' lang='lat' dir='ltr'><strong>non</strong></span> <span class='ocrx_word' id='word_1_235' title='bbox 1134 3305 1304 3376; x_wconf 80' lang='lat' dir='ltr'><strong>fieret,</strong></span> <span class='ocrx_word' id='word_1_236' title='bbox 1341 3311 1615 3369; x_wconf 77' lang='lat' dir='ltr'><strong>postquam</strong></span> 
     </span>
     <span class='ocr_line' id='line_1_39' title="bbox 508 3382 1615 3446; baseline 0 -14"><span class='ocrx_word' id='word_1_237' title='bbox 508 3419 512 3423; x_wconf 88' lang='lat'>-</span> <span class='ocrx_word' id='word_1_238' title='bbox 557 3397 674 3432; x_wconf 86' lang='lat' dir='ltr'><strong>cum</strong></span> <span class='ocrx_word' id='word_1_239' title='bbox 711 3383 1008 3446; x_wconf 88' lang='lat' dir='ltr'><strong>parentibus</strong></span> <span class='ocrx_word' id='word_1_240' title='bbox 1030 3389 1087 3432; x_wconf 91' lang='lat' dir='ltr'><strong>et</strong></span> <span class='ocrx_word' id='word_1_241' title='bbox 1113 3382 1409 3432; x_wconf 73' lang='lat' dir='ltr'><strong>domesticis</strong></span> <span class='ocrx_word' id='word_1_242' title='bbox 1431 3383 1615 3432; x_wconf 85' lang='lat' dir='ltr'><strong>Satur-</strong></span> 
     </span>
     <span class='ocr_line' id='line_1_40' title="bbox 553 3459 1612 3524; baseline 0.003 -17"><span class='ocrx_word' id='word_1_243' title='bbox 553 3459 695 3508; x_wconf 85' lang='lat' dir='ltr'><strong>nalia</strong></span> <span class='ocrx_word' id='word_1_244' title='bbox 735 3460 1080 3524; x_wconf 76' lang='lat' dir='ltr'><strong>peregissent,</strong></span> <span class='ocrx_word' id='word_1_245' title='bbox 1118 3460 1183 3509; x_wconf 86' lang='lat' dir='ltr'><strong>ad</strong></span> <span class='ocrx_word' id='word_1_246' title='bbox 1227 3474 1346 3510; x_wconf 85' lang='lat' dir='ltr'><strong>eum</strong></span> <span class='ocrx_word' id='word_1_247' title='bbox 1385 3468 1612 3510; x_wconf 85' lang='lat' dir='ltr'><strong>reverte·</strong></span> 
     </span>
     <span class='ocr_line' id='line_1_41' title="bbox 557 3537 954 3587; baseline 0.005 -2"><span class='ocrx_word' id='word_1_248' title='bbox 557 3544 757 3586; x_wconf 86' lang='lat' dir='ltr'><strong>rentur.</strong></span> <span class='ocrx_word' id='word_1_249' title='bbox 789 3537 954 3587; x_wconf 70' lang='lat' dir='ltr'><strong>Mach-</strong></span> 
     </span>
    </p>

    <p class='ocr_par' dir='ltr' id='par_1_6' title="bbox 557 3611 1615 3831">
     <span class='ocr_line' id='line_1_42' title="bbox 622 3611 1615 3676; baseline 0.001 -15"><span class='ocrx_word' id='word_1_250' title='bbox 622 3615 652 3676; x_wconf 59' lang='grc' dir='ltr'><strong>ς</strong></span> <span class='ocrx_word' id='word_1_251' title='bbox 673 3617 704 3661; x_wconf 83' lang='grc'><strong>7</strong></span> <span class='ocrx_word' id='word_1_252' title='bbox 730 3614 946 3663; x_wconf 78' lang='lat' dir='ltr'><strong>Eundem</strong></span> <span class='ocrx_word' id='word_1_253' title='bbox 965 3611 1059 3661; x_wconf 76' lang='lat' dir='ltr'><strong>sibi</strong></span> <span class='ocrx_word' id='word_1_254' title='bbox 1079 3611 1175 3676; x_wconf 80' lang='lat' dir='ltr'><strong>uit]</strong></span> <span class='ocrx_word' id='word_1_255' title='bbox 1208 3613 1386 3663; x_wconf 72' lang='lat' dir='ltr'><strong>Cineae</strong></span> <span class='ocrx_word' id='word_1_256' title='bbox 1418 3612 1615 3663; x_wconf 82' lang='lat' dir='ltr'><strong>oratori</strong></span> 
     </span>
     <span class='ocr_line' id='line_1_43' title="bbox 557 3688 1611 3754; baseline 0 -15"><span class='ocrx_word' id='word_1_257' title='bbox 557 3688 625 3739; x_wconf 84' lang='lat' dir='ltr'><strong>ad</strong></span> <span class='ocrx_word' id='word_1_258' title='bbox 649 3689 1114 3754; x_wconf 58' lang='lat' dir='ltr'><strong>Pyrrhumaribuit</strong></span> <span class='ocrx_word' id='word_1_259' title='bbox 1143 3689 1341 3740; x_wconf 86' lang='lat' dir='ltr'><strong>dictum</strong></span> <span class='ocrx_word' id='word_1_260' title='bbox 1369 3690 1468 3741; x_wconf 81' lang='lat' dir='ltr'><strong>hoc</strong></span> <span class='ocrx_word' id='word_1_261' title='bbox 1488 3690 1611 3740; x_wconf 90' lang='lat' dir='ltr'><strong>Plu·</strong></span> 
     </span>
     <span class='ocr_line' id='line_1_44' title="bbox 558 3766 1270 3831; baseline 0.003 -16"><span class='ocrx_word' id='word_1_262' title='bbox 558 3766 724 3822; x_wconf 77' lang='lat' dir='ltr'><strong>tarel».</strong></span> <span class='ocrx_word' id='word_1_263' title='bbox 748 3766 799 3815; x_wconf 90' lang='lat' dir='ltr'><strong>in</strong></span> <span class='ocrx_word' id='word_1_264' title='bbox 822 3766 1046 3831; x_wconf 83' lang='lat' dir='ltr'><strong>Pyrrho.</strong></span> <span class='ocrx_word' id='word_1_265' title='bbox 1080 3766 1270 3817; x_wconf 66' lang='lat' dir='ltr'><strong>Schott.</strong></span> 
     </span>
    </p>

    <p class='ocr_par' dir='ltr' id='par_1_7' title="bbox 556 3842 1619 4366">
     <span class='ocr_line' id='line_1_45' title="bbox 623 3842 1619 3909; baseline 0 -16"><span class='ocrx_word' id='word_1_266' title='bbox 623 3844 823 3909; x_wconf 77' lang='lat' dir='ltr'><strong>Hydra]</strong></span> <span class='ocrx_word' id='word_1_267' title='bbox 860 3842 1055 3892; x_wconf 84' lang='lat' dir='ltr'><strong>Eadem</strong></span> <span class='ocrx_word' id='word_1_268' title='bbox 1095 3851 1151 3893; x_wconf 90' lang='lat' dir='ltr'><strong>et</strong></span> <span class='ocrx_word' id='word_1_269' title='bbox 1185 3842 1201 3870; x_wconf 89' lang='lat'>‘</span> <span class='ocrx_word' id='word_1_270' title='bbox 1224 3842 1481 3893; x_wconf 85' lang='lat' dir='ltr'><strong>excedra’</strong></span> <span class='ocrx_word' id='word_1_271' title='bbox 1516 3851 1619 3906; x_wconf 88' lang='lat' dir='ltr'><strong>est,</strong></span> 
     </span>
     <span class='ocr_line' id='line_1_46' title="bbox 557 3918 1612 3986; baseline -0.002 -16"><span class='ocrx_word' id='word_1_272' title='bbox 557 3935 675 3986; x_wconf 69' lang='lat' dir='ltr'><strong>quie</strong></span> <span class='ocrx_word' id='word_1_273' title='bbox 700 3921 979 3970; x_wconf 80' lang='lat' dir='ltr'><strong>secundum</strong></span> <span class='ocrx_word' id='word_1_274' title='bbox 1017 3918 1241 3975; x_wconf 82' lang='lat' dir='ltr'><strong>fabulas,</strong></span> <span class='ocrx_word' id='word_1_275' title='bbox 1276 3919 1484 3968; x_wconf 85' lang='lat' dir='ltr'><strong>diversa</strong></span> <span class='ocrx_word' id='word_1_276' title='bbox 1525 3935 1612 3984; x_wconf 79' lang='lat' dir='ltr'><strong>ge-</strong></span> 
     </span>
     <span class='ocr_line' id='line_1_47' title="bbox 556 3986 1612 4059; baseline 0.001 -15"><span class='ocrx_word' id='word_1_277' title='bbox 556 3995 712 4046; x_wconf 79' lang='lat' dir='ltr'><strong>rebat</strong></span> <span class='ocrx_word' id='word_1_278' title='bbox 753 3986 965 4059; x_wconf 63' lang='lat' dir='ltr'><strong>capita}</strong></span> <span class='ocrx_word' id='word_1_279' title='bbox 1013 3995 1261 4044; x_wconf 76' lang='lat' dir='ltr'>historice</span> <span class='ocrx_word' id='word_1_280' title='bbox 1305 4010 1436 4059; x_wconf 89' lang='lat' dir='ltr'><strong>aqua</strong></span> <span class='ocrx_word' id='word_1_281' title='bbox 1477 3994 1612 4045; x_wconf 72' lang='lat' dir='ltr'><strong>fnitz</strong></span> 
     </span>
     <span class='ocr_line' id='line_1_48' title="bbox 557 4070 1613 4129; baseline 0 -8"><span class='ocrx_word' id='word_1_282' title='bbox 557 4086 675 4122; x_wconf 86' lang='lat' dir='ltr'><strong>eum</strong></span> <span class='ocrx_word' id='word_1_283' title='bbox 738 4072 991 4122; x_wconf 87' lang='lat' dir='ltr'><strong>Hercules</strong></span> <span class='ocrx_word' id='word_1_284' title='bbox 1057 4070 1365 4120; x_wconf 85' lang='lat' dir='ltr'><strong>occlusisset</strong></span> <span class='ocrx_word' id='word_1_285' title='bbox 1427 4070 1613 4129; x_wconf 85' lang='lat' dir='ltr'><strong>rivum.</strong></span> 
     </span>
     <span class='ocr_line' id='line_1_49' title="bbox 560 4146 1615 4211; baseline 0.002 -14"><span class='ocrx_word' id='word_1_286' title='bbox 560 4148 942 4197; x_wconf 81' lang='lat' dir='ltr'><strong>enaseebantur</strong></span> <span class='ocrx_word' id='word_1_287' title='bbox 984 4147 1090 4208; x_wconf 84' lang='lat' dir='ltr'><strong>alii,</strong></span> <span class='ocrx_word' id='word_1_288' title='bbox 1132 4160 1252 4196; x_wconf 88' lang='lat' dir='ltr'><strong>nam</strong></span> <span class='ocrx_word' id='word_1_289' title='bbox 1294 4146 1432 4211; x_wconf 76' lang='grc' dir='ltr'><strong>ὕδωρ,</strong></span> <span class='ocrx_word' id='word_1_290' title='bbox 1485 4165 1615 4206; x_wconf 72' lang='lat' dir='ltr'><strong>aros,</strong></span> 
     </span>
     <span class='ocr_line' id='line_1_50' title="bbox 557 4222 1615 4287; baseline 0.003 -16"><span class='ocrx_word' id='word_1_291' title='bbox 557 4236 740 4285; x_wconf 79' lang='lat' dir='ltr'><strong>aquam</strong></span> <span class='ocrx_word' id='word_1_292' title='bbox 765 4222 1058 4287; x_wconf 79' lang='lat' dir='ltr'><strong>significat:</strong></span> <span class='ocrx_word' id='word_1_293' title='bbox 1089 4224 1166 4271; x_wconf 85' lang='lat' dir='ltr'><strong>ita</strong></span> <span class='ocrx_word' id='word_1_294' title='bbox 1198 4223 1430 4286; x_wconf 79' lang='lat' dir='ltr'>Pyrrhus</span> <span class='ocrx_word' id='word_1_295' title='bbox 1465 4222 1615 4274; x_wconf 84' lang='lat' dir='ltr'><strong>finito</strong></span> 
     </span>
     <span class='ocr_line' id='line_1_51' title="bbox 559 4299 1616 4366; baseline 0.002 -17"><span class='ocrx_word' id='word_1_296' title='bbox 559 4314 666 4349; x_wconf 85' lang='lat' dir='ltr'><strong>uno</strong></span> <span class='ocrx_word' id='word_1_297' title='bbox 716 4300 897 4363; x_wconf 59' lang='lat' dir='ltr'><strong>praelio</strong></span> <span class='ocrx_word' id='word_1_298' title='bbox 942 4301 1174 4350; x_wconf 87' lang='lat' dir='ltr'><strong>Romano</strong></span> <span class='ocrx_word' id='word_1_299' title='bbox 1227 4299 1330 4350; x_wconf 88' lang='lat' dir='ltr'><strong>alia</strong></span> <span class='ocrx_word' id='word_1_300' title='bbox 1384 4302 1616 4366; x_wconf 78' lang='lat' dir='ltr'><strong>experiri</strong></span> 
     </span>
    </p>
   </div>
   <div class='ocr_carea' id='block_1_2' title="bbox 1252 404 2063 460">
    <p class='ocr_par' dir='ltr' id='par_1_8' title="bbox 1252 404 2063 460">
     <span class='ocr_line' id='line_1_52' title="bbox 1252 404 2063 460; baseline 0.004 -4"><span class='ocrx_word' id='word_1_301' title='bbox 1252 404 1470 457; x_wconf 73' lang='lat' dir='ltr'><strong>NOTAE</strong></span> <span class='ocrx_word' id='word_1_302' title='bbox 1520 406 1929 460; x_wconf 64' lang='lat' dir='ltr'><strong>vammum</strong></span> <span class='ocrx_word' id='word_1_303' title='bbox 1980 408 2063 459; x_wconf 76' lang='lat' dir='ltr'>m</span> 
     </span>
    </p>
   </div>
   <div class='ocr_carea' id='block_1_3' title="bbox 1687 552 2800 2737">
    <p class='ocr_par' dir='ltr' id='par_1_9' title="bbox 1697 552 2736 616">
     <span class='ocr_line' id='line_1_53' title="bbox 1697 552 2736 616; baseline -0.001 -13"><span class='ocrx_word' id='word_1_304' title='bbox 1697 552 1998 616; x_wconf 59' lang='lat' dir='ltr'><strong>cogebatur,</strong></span> <span class='ocrx_word' id='word_1_305' title='bbox 2031 552 2199 603; x_wconf 66' lang='lat' dir='ltr'><strong>Macra.</strong></span> <span class='ocrx_word' id='word_1_306' title='bbox 2727 571 2736 576; x_wconf 65' lang='grc'>’</span> 
     </span>
    </p>

    <p class='ocr_par' dir='ltr' id='par_1_10' title="bbox 1691 627 2769 2051">
     <span class='ocr_line' id='line_1_54' title="bbox 1760 627 2755 693; baseline 0.005 -15"><span class='ocrx_word' id='word_1_307' title='bbox 1760 631 1787 693; x_wconf 81' lang='lat'>§</span> <span class='ocrx_word' id='word_1_308' title='bbox 1812 634 1843 678; x_wconf 87' lang='grc'><strong>8</strong></span> <span class='ocrx_word' id='word_1_309' title='bbox 1866 632 1911 679; x_wconf 81' lang='grc' dir='ltr'><strong><em>Δ</em></strong></span> <span class='ocrx_word' id='word_1_310' title='bbox 1934 630 2081 678; x_wconf 76' lang='lat' dir='ltr'><strong>Curio</strong></span> <span class='ocrx_word' id='word_1_311' title='bbox 2100 636 2146 679; x_wconf 83' lang='lat' dir='ltr'><strong>et</strong></span> <span class='ocrx_word' id='word_1_312' title='bbox 2168 627 2415 693; x_wconf 75' lang='lat' dir='ltr'><strong><em>Fabricio]</em></strong></span> <span class='ocrx_word' id='word_1_313' title='bbox 2445 628 2511 678; x_wconf 86' lang='lat'><strong>1..</strong></span> <span class='ocrx_word' id='word_1_314' title='bbox 2529 628 2755 684; x_wconf 64' lang='lat' dir='ltr'><strong>Annaeus</strong></span> 
     </span>
     <span class='ocr_line' id='line_1_55' title="bbox 1694 703 2758 770; baseline 0.003 -17"><span class='ocrx_word' id='word_1_315' title='bbox 1694 703 1786 753; x_wconf 80' lang='lat' dir='ltr'><strong>hos</strong></span> <span class='ocrx_word' id='word_1_316' title='bbox 1809 720 2013 770; x_wconf 85' lang='lat' dir='ltr'><strong>quoque</strong></span> <span class='ocrx_word' id='word_1_317' title='bbox 2047 706 2180 755; x_wconf 86' lang='lat' dir='ltr'><strong>male</strong></span> <span class='ocrx_word' id='word_1_318' title='bbox 2213 705 2512 769; x_wconf 72' lang='lat' dir='ltr'><strong>conjunxitz</strong></span> <span class='ocrx_word' id='word_1_319' title='bbox 2552 716 2758 756; x_wconf 77' lang='lat' dir='ltr'><strong>constat</strong></span> 
     </span>
     <span class='ocr_line' id='line_1_56' title="bbox 1696 781 2753 846; baseline 0.003 -16"><span class='ocrx_word' id='word_1_320' title='bbox 1696 787 1871 830; x_wconf 79' lang='lat' dir='ltr'><strong>tamen</strong></span> <span class='ocrx_word' id='word_1_321' title='bbox 1916 795 1982 831; x_wconf 85' lang='lat' dir='ltr'><strong>ex</strong></span> <span class='ocrx_word' id='word_1_322' title='bbox 2033 781 2426 846; x_wconf 70' lang='lat' dir='ltr'><strong>magistratuum</strong></span> <span class='ocrx_word' id='word_1_323' title='bbox 2472 782 2753 845; x_wconf 80' lang='lat' dir='ltr'><strong>triumpho·</strong></span> 
     </span>
     <span class='ocr_line' id='line_1_57' title="bbox 1695 857 2756 922; baseline 0.005 -17"><span class='ocrx_word' id='word_1_324' title='bbox 1695 867 1909 922; x_wconf 81' lang='lat' dir='ltr'><strong>rumque</strong></span> <span class='ocrx_word' id='word_1_325' title='bbox 1933 857 2286 908; x_wconf 84' lang='lat' dir='ltr'><strong>Romanorum</strong></span> <span class='ocrx_word' id='word_1_326' title='bbox 2307 857 2518 908; x_wconf 81' lang='lat' dir='ltr'><strong>Tabulis</strong></span> <span class='ocrx_word' id='word_1_327' title='bbox 2549 858 2603 907; x_wconf 87' lang='lat' dir='ltr'><strong>iu</strong></span> <span class='ocrx_word' id='word_1_328' title='bbox 2639 858 2756 910; x_wconf 84' lang='lat' dir='ltr'><strong>foro</strong></span> 
     </span>
     <span class='ocr_line' id='line_1_58' title="bbox 1694 933 2758 999; baseline 0.003 -17"><span class='ocrx_word' id='word_1_329' title='bbox 1694 933 1874 984; x_wconf 75' lang='lat' dir='ltr'><strong>Romoe</strong></span> <span class='ocrx_word' id='word_1_330' title='bbox 1900 935 2079 995; x_wconf 89' lang='lat' dir='ltr'><strong>erutis,</strong></span> <span class='ocrx_word' id='word_1_331' title='bbox 2100 934 2328 999; x_wconf 78' lang='lat' dir='ltr'><strong>collegas</strong></span> <span class='ocrx_word' id='word_1_332' title='bbox 2351 934 2560 983; x_wconf 86' lang='lat' dir='ltr'><strong>minime</strong></span> <span class='ocrx_word' id='word_1_333' title='bbox 2581 934 2758 987; x_wconf 83' lang='lat' dir='ltr'><strong>fuisse.</strong></span> 
     </span>
     <span class='ocr_line' id='line_1_59' title="bbox 1696 1009 2757 1065; baseline 0.002 -6"><span class='ocrx_word' id='word_1_334' title='bbox 1696 1009 1759 1059; x_wconf 90' lang='lat' dir='ltr'><strong>C.</strong></span> <span class='ocrx_word' id='word_1_335' title='bbox 1790 1011 1925 1060; x_wconf 88' lang='lat' dir='ltr'><strong>enim</strong></span> <span class='ocrx_word' id='word_1_336' title='bbox 1959 1009 2224 1061; x_wconf 81' lang='lat' dir='ltr'><strong>Fabricius</strong></span> <span class='ocrx_word' id='word_1_337' title='bbox 2257 1011 2511 1060; x_wconf 83' lang='lat' dir='ltr'><strong>Luscinus</strong></span> <span class='ocrx_word' id='word_1_338' title='bbox 2549 1026 2675 1061; x_wconf 76' lang='lat' dir='ltr'><strong>cunr</strong></span> <span class='ocrx_word' id='word_1_339' title='bbox 2691 1013 2757 1065; x_wconf 77' lang='lat' dir='ltr'><strong>Q.</strong></span> 
     </span>
     <span class='ocr_line' id='line_1_60' title="bbox 1693 1086 2757 1150; baseline 0.003 -14"><span class='ocrx_word' id='word_1_340' title='bbox 1693 1086 1904 1138; x_wconf 85' lang='lat' dir='ltr'><strong>Aimilio</strong></span> <span class='ocrx_word' id='word_1_341' title='bbox 1927 1087 2077 1150; x_wconf 83' lang='lat' dir='ltr'><strong>Papo</strong></span> <span class='ocrx_word' id='word_1_342' title='bbox 2098 1087 2243 1136; x_wconf 84' lang='lat' dir='ltr'><strong>annis</strong></span> <span class='ocrx_word' id='word_1_343' title='bbox 2270 1086 2469 1137; x_wconf 81' lang='lat' dir='ltr'><strong>duobus</strong></span> <span class='ocrx_word' id='word_1_344' title='bbox 2495 1096 2617 1150; x_wconf 89' lang='lat' dir='ltr'><strong>post</strong></span> <span class='ocrx_word' id='word_1_345' title='bbox 2640 1089 2757 1139; x_wconf 72' lang='lat' dir='ltr'><strong>1.oe-</strong></span> 
     </span>
     <span class='ocr_line' id='line_1_61' title="bbox 1694 1161 2757 1225; baseline 0.005 -16"><span class='ocrx_word' id='word_1_346' title='bbox 1694 1162 1871 1212; x_wconf 81' lang='lat' dir='ltr'><strong>vinum</strong></span> <span class='ocrx_word' id='word_1_347' title='bbox 1893 1167 2097 1212; x_wconf 80' lang='lat' dir='ltr'><strong>manum</strong></span> <span class='ocrx_word' id='word_1_348' title='bbox 2116 1176 2235 1212; x_wconf 86' lang='lat' dir='ltr'><strong>cum</strong></span> <span class='ocrx_word' id='word_1_349' title='bbox 2252 1161 2456 1225; x_wconf 75' lang='lat' dir='ltr'><strong>Pyrrho</strong></span> <span class='ocrx_word' id='word_1_350' title='bbox 2472 1165 2757 1223; x_wconf 83' lang='lat' dir='ltr'><strong>conseruit,</strong></span> 
     </span>
     <span class='ocr_line' id='line_1_62' title="bbox 1693 1236 2757 1303; baseline 0.004 -18"><span class='ocrx_word' id='word_1_351' title='bbox 1693 1236 1967 1303; x_wconf 86' lang='lat' dir='ltr'><strong>victorque</strong></span> <span class='ocrx_word' id='word_1_352' title='bbox 2006 1238 2164 1289; x_wconf 86' lang='lat' dir='ltr'><strong>rediit</strong></span> <span class='ocrx_word' id='word_1_353' title='bbox 2197 1237 2265 1288; x_wconf 86' lang='lat' dir='ltr'><strong>A.</strong></span> <span class='ocrx_word' id='word_1_354' title='bbox 2302 1238 2369 1288; x_wconf 89' lang='lat' dir='ltr'><strong>U.</strong></span> <span class='ocrx_word' id='word_1_355' title='bbox 2402 1239 2467 1289; x_wconf 89' lang='lat' dir='ltr'><strong>C.</strong></span> <span class='ocrx_word' id='word_1_356' title='bbox 2500 1252 2757 1291; x_wconf 73' lang='lat' dir='ltr'><strong>cnuxv.</strong></span> 
     </span>
     <span class='ocr_line' id='line_1_63' title="bbox 1693 1314 2756 1367; baseline 0.003 -3"><span class='ocrx_word' id='word_1_357' title='bbox 1693 1314 1790 1364; x_wconf 87' lang='grc' dir='ltr'><strong>Μ’.</strong></span> <span class='ocrx_word' id='word_1_358' title='bbox 1810 1315 1996 1365; x_wconf 85' lang='lat' dir='ltr'><strong>Curius</strong></span> <span class='ocrx_word' id='word_1_359' title='bbox 2017 1315 2274 1364; x_wconf 74' lang='lat' dir='ltr'><strong>Dentatus</strong></span> <span class='ocrx_word' id='word_1_360' title='bbox 2297 1328 2385 1364; x_wconf 88' lang='grc' dir='ltr'><strong>ιιι.</strong></span> <span class='ocrx_word' id='word_1_361' title='bbox 2406 1329 2523 1365; x_wconf 86' lang='lat' dir='ltr'><strong>cum</strong></span> <span class='ocrx_word' id='word_1_362' title='bbox 2550 1317 2609 1366; x_wconf 94' lang='lat' dir='ltr'><strong>L.</strong></span> <span class='ocrx_word' id='word_1_363' title='bbox 2629 1318 2756 1367; x_wconf 86' lang='lat' dir='ltr'><strong>Cor-</strong></span> 
     </span>
     <span class='ocr_line' id='line_1_64' title="bbox 1694 1381 2769 1458; baseline 0.003 -18"><span class='ocrx_word' id='word_1_364' title='bbox 1694 1391 1829 1442; x_wconf 88' lang='lat' dir='ltr'><strong>nelio</strong></span> <span class='ocrx_word' id='word_1_365' title='bbox 1852 1391 2077 1443; x_wconf 79' lang='lat' dir='ltr'><strong>Lentulo</strong></span> <span class='ocrx_word' id='word_1_366' title='bbox 2098 1381 2277 1442; x_wconf 81' lang='lat' dir='ltr'><strong>consul</strong></span> <span class='ocrx_word' id='word_1_367' title='bbox 2302 1406 2436 1441; x_wconf 88' lang='lat' dir='ltr'><strong>anno</strong></span> <span class='ocrx_word' id='word_1_368' title='bbox 2466 1401 2587 1455; x_wconf 91' lang='lat' dir='ltr'><strong>post</strong></span> <span class='ocrx_word' id='word_1_369' title='bbox 2609 1394 2769 1458; x_wconf 68' lang='lat' dir='ltr'><strong>quim.</strong></span> 
     </span>
     <span class='ocr_line' id='line_1_65' title="bbox 1696 1466 2759 1532; baseline 0.006 -18"><span class='ocrx_word' id='word_1_370' title='bbox 1696 1475 1771 1528; x_wconf 89' lang='lat' dir='ltr'><strong>to,</strong></span> <span class='ocrx_word' id='word_1_371' title='bbox 1805 1467 2114 1529; x_wconf 85' lang='lat' dir='ltr'><strong>(secundum</strong></span> <span class='ocrx_word' id='word_1_372' title='bbox 2151 1466 2309 1517; x_wconf 88' lang='lat' dir='ltr'><strong>Oros.</strong></span> <span class='ocrx_word' id='word_1_373' title='bbox 2330 1481 2411 1516; x_wconf 74' lang='lat' dir='ltr'><strong>tv.</strong></span> <span class='ocrx_word' id='word_1_374' title='bbox 2430 1472 2481 1517; x_wconf 90' lang='grc'><strong>2.</strong></span> <span class='ocrx_word' id='word_1_375' title='bbox 2503 1477 2674 1532; x_wconf 83' lang='lat' dir='ltr'><strong>sexto,</strong></span> <span class='ocrx_word' id='word_1_376' title='bbox 2698 1477 2759 1520; x_wconf 86' lang='lat' dir='ltr'><strong>ut</strong></span> 
     </span>
     <span class='ocr_line' id='line_1_66' title="bbox 1694 1542 2757 1608; baseline 0.004 -16"><span class='ocrx_word' id='word_1_377' title='bbox 1694 1542 2038 1595; x_wconf 81' lang='lat' dir='ltr'><strong>Plutarchus:</strong></span> <span class='ocrx_word' id='word_1_378' title='bbox 2073 1551 2281 1608; x_wconf 85' lang='lat' dir='ltr'><strong>quarto,</strong></span> <span class='ocrx_word' id='word_1_379' title='bbox 2305 1552 2365 1591; x_wconf 88' lang='lat' dir='ltr'><strong>nt</strong></span> <span class='ocrx_word' id='word_1_380' title='bbox 2386 1544 2447 1594; x_wconf 88' lang='lat' dir='ltr'><strong>L.</strong></span> <span class='ocrx_word' id='word_1_381' title='bbox 2465 1545 2651 1595; x_wconf 85' lang='lat' dir='ltr'><strong>Florus</strong></span> <span class='ocrx_word' id='word_1_382' title='bbox 2674 1556 2757 1597; x_wconf 84' lang='lat' dir='ltr'><strong>est</strong></span> 
     </span>
     <span class='ocr_line' id='line_1_67' title="bbox 1693 1618 2759 1686; baseline 0.005 -18"><span class='ocrx_word' id='word_1_383' title='bbox 1693 1618 1901 1685; x_wconf 82' lang='lat' dir='ltr'><strong>auctor)</strong></span> <span class='ocrx_word' id='word_1_384' title='bbox 1945 1619 2014 1669; x_wconf 85' lang='lat' dir='ltr'><strong>de</strong></span> <span class='ocrx_word' id='word_1_385' title='bbox 2059 1620 2270 1685; x_wconf 81' lang='lat' dir='ltr'><strong>Pyrrho</strong></span> <span class='ocrx_word' id='word_1_386' title='bbox 2326 1621 2668 1686; x_wconf 81' lang='lat' dir='ltr'><strong>triumphavit</strong></span> <span class='ocrx_word' id='word_1_387' title='bbox 2710 1639 2759 1673; x_wconf 77' lang='lat' dir='ltr'><strong>a.</strong></span> 
     </span>
     <span class='ocr_line' id='line_1_68' title="bbox 1691 1696 2760 1763; baseline 0.004 -18"><span class='ocrx_word' id='word_1_388' title='bbox 1691 1708 2011 1747; x_wconf 70' lang='lat' dir='ltr'><strong>cntxxvm.</strong></span> <span class='ocrx_word' id='word_1_389' title='bbox 2045 1697 2173 1747; x_wconf 85' lang='lat' dir='ltr'><strong>Cum</strong></span> <span class='ocrx_word' id='word_1_390' title='bbox 2200 1710 2323 1746; x_wconf 84' lang='lat' dir='ltr'><strong>vero</strong></span> <span class='ocrx_word' id='word_1_391' title='bbox 2335 1696 2621 1748; x_wconf 81' lang='lat' dir='ltr'><strong>Tarentum</strong></span> <span class='ocrx_word' id='word_1_392' title='bbox 2647 1700 2760 1763; x_wconf 86' lang='lat' dir='ltr'><strong>pnl-</strong></span> 
     </span>
     <span class='ocr_line' id='line_1_69' title="bbox 1693 1773 2758 1838; baseline 0.004 -16"><span class='ocrx_word' id='word_1_393' title='bbox 1693 1787 1780 1822; x_wconf 81' lang='lat' dir='ltr'><strong>sus</strong></span> <span class='ocrx_word' id='word_1_394' title='bbox 1821 1780 1921 1837; x_wconf 90' lang='lat' dir='ltr'><strong>est,</strong></span> <span class='ocrx_word' id='word_1_395' title='bbox 1959 1773 2024 1823; x_wconf 88' lang='lat' dir='ltr'><strong>P.</strong></span> <span class='ocrx_word' id='word_1_396' title='bbox 2057 1774 2320 1838; x_wconf 81' lang='lat' dir='ltr'><strong>Sulpicius</strong></span> <span class='ocrx_word' id='word_1_397' title='bbox 2358 1779 2416 1823; x_wconf 87' lang='lat' dir='ltr'><strong>et</strong></span> <span class='ocrx_word' id='word_1_398' title='bbox 2455 1776 2518 1824; x_wconf 89' lang='lat' dir='ltr'><strong>P.</strong></span> <span class='ocrx_word' id='word_1_399' title='bbox 2557 1776 2758 1826; x_wconf 84' lang='lat' dir='ltr'><strong>Decius</strong></span> 
     </span>
     <span class='ocr_line' id='line_1_70' title="bbox 1692 1848 2759 1904; baseline 0.004 -5"><span class='ocrx_word' id='word_1_400' title='bbox 1692 1850 1836 1900; x_wconf 85' lang='lat' dir='ltr'><strong>Coss.</strong></span> <span class='ocrx_word' id='word_1_401' title='bbox 1857 1848 2008 1899; x_wconf 85' lang='lat' dir='ltr'><strong>fuere</strong></span> <span class='ocrx_word' id='word_1_402' title='bbox 2042 1863 2178 1900; x_wconf 85' lang='lat' dir='ltr'><strong>anno</strong></span> <span class='ocrx_word' id='word_1_403' title='bbox 2210 1863 2481 1900; x_wconf 69' lang='lat' dir='ltr'><strong>cnzxxtv.</strong></span> <span class='ocrx_word' id='word_1_404' title='bbox 2514 1849 2759 1904; x_wconf 67' lang='lat' dir='ltr'><strong>schottus.</strong></span> 
     </span>
     <span class='ocr_line' id='line_1_71' title="bbox 1691 1926 2760 1989; baseline 0.004 -15"><span class='ocrx_word' id='word_1_405' title='bbox 1691 1926 1829 1975; x_wconf 87' lang='lat' dir='ltr'><strong>Vide</strong></span> <span class='ocrx_word' id='word_1_406' title='bbox 1851 1926 2057 1978; x_wconf 85' lang='lat' dir='ltr'><strong>Duker.</strong></span> <span class='ocrx_word' id='word_1_407' title='bbox 2080 1927 2145 1976; x_wconf 85' lang='lat' dir='ltr'><strong>ad</strong></span> <span class='ocrx_word' id='word_1_408' title='bbox 2169 1927 2310 1978; x_wconf 72' lang='lat' dir='ltr'><strong>Flor.</strong></span> <span class='ocrx_word' id='word_1_409' title='bbox 2333 1939 2375 1977; x_wconf 90' lang='lat'><strong>1.</strong></span> <span class='ocrx_word' id='word_1_410' title='bbox 2399 1930 2479 1975; x_wconf 84' lang='lat'><strong>18.</strong></span> <span class='ocrx_word' id='word_1_411' title='bbox 2501 1926 2530 1989; x_wconf 63' lang='grc' dir='ltr'><strong>ς</strong></span> <span class='ocrx_word' id='word_1_412' title='bbox 2551 1929 2603 1975; x_wconf 82' lang='lat'><strong>9.</strong></span> <span class='ocrx_word' id='word_1_413' title='bbox 2624 1926 2760 1977; x_wconf 74' lang='lat' dir='ltr'><strong>Ara·</strong></span> 
     </span>
     <span class='ocr_line' id='line_1_72' title="bbox 1691 2004 1818 2051; baseline 0.016 -2"><span class='ocrx_word' id='word_1_414' title='bbox 1691 2004 1818 2051; x_wconf 70' lang='lat' dir='ltr'><strong>taen.</strong></span> 
     </span>
    </p>

    <p class='ocr_par' dir='ltr' id='par_1_11' title="bbox 1687 2073 2800 2511">
     <span class='ocr_line' id='line_1_73' title="bbox 1760 2073 2761 2141; baseline 0.003 -16"><span class='ocrx_word' id='word_1_415' title='bbox 1760 2076 2040 2141; x_wconf 77' lang='lat' dir='ltr'><strong>Tarentum]</strong></span> <span class='ocrx_word' id='word_1_416' title='bbox 2075 2076 2212 2127; x_wconf 85' lang='lat' dir='ltr'><strong>Urbs</strong></span> <span class='ocrx_word' id='word_1_417' title='bbox 2235 2081 2315 2125; x_wconf 95' lang='lat' dir='ltr'><strong>est</strong></span> <span class='ocrx_word' id='word_1_418' title='bbox 2333 2073 2540 2137; x_wconf 77' lang='lat' dir='ltr'><strong>Apuliae</strong></span> <span class='ocrx_word' id='word_1_419' title='bbox 2567 2091 2598 2125; x_wconf 97' lang='lat' dir='ltr'><strong>a</strong></span> <span class='ocrx_word' id='word_1_420' title='bbox 2622 2077 2761 2128; x_wconf 82' lang='lat' dir='ltr'><strong>Tara</strong></span> 
     </span>
     <span class='ocr_line' id='line_1_74' title="bbox 1687 2150 2800 2220; baseline -0.001 -19"><span class='ocrx_word' id='word_1_421' title='bbox 1687 2151 1931 2215; x_wconf 82' lang='lat' dir='ltr'><strong>Neptuni</strong></span> <span class='ocrx_word' id='word_1_422' title='bbox 1954 2150 2063 2202; x_wconf 80' lang='lat' dir='ltr'><strong>filio</strong></span> <span class='ocrx_word' id='word_1_423' title='bbox 2086 2151 2242 2202; x_wconf 85' lang='lat' dir='ltr'><strong>dicta.</strong></span> <span class='ocrx_word' id='word_1_424' title='bbox 2274 2150 2443 2201; x_wconf 70' lang='lat' dir='ltr'><strong>Mach.</strong></span> <span class='ocrx_word' id='word_1_425' title='bbox 2791 2211 2800 2220; x_wconf 34' lang='lat' dir='ltr'><em>l</em></span> 
     </span>
     <span class='ocr_line' id='line_1_75' title="bbox 1755 2226 2759 2293; baseline 0.003 -17"><span class='ocrx_word' id='word_1_426' title='bbox 1755 2228 1831 2291; x_wconf 79' lang='lat'><strong>§9</strong></span> <span class='ocrx_word' id='word_1_427' title='bbox 1849 2228 1973 2277; x_wconf 79' lang='lat' dir='ltr'><strong>Mox</strong></span> <span class='ocrx_word' id='word_1_428' title='bbox 1988 2227 2040 2277; x_wconf 79' lang='lat' dir='ltr'><strong>ia</strong></span> <span class='ocrx_word' id='word_1_429' title='bbox 2058 2226 2277 2290; x_wconf 76' lang='lat' dir='ltr'><strong>Italiam]</strong></span> <span class='ocrx_word' id='word_1_430' title='bbox 2300 2227 2513 2278; x_wconf 81' lang='lat' dir='ltr'><strong>Credidi</strong></span> <span class='ocrx_word' id='word_1_431' title='bbox 2529 2229 2759 2293; x_wconf 83' lang='lat' dir='ltr'><strong>aliquan·</strong></span> 
     </span>
     <span class='ocr_line' id='line_1_76' title="bbox 1692 2302 2758 2367; baseline 0.003 -13"><span class='ocrx_word' id='word_1_432' title='bbox 1692 2302 1762 2354; x_wconf 86' lang='lat' dir='ltr'><strong>do</strong></span> <span class='ocrx_word' id='word_1_433' title='bbox 1780 2305 2056 2367; x_wconf 77' lang='lat' dir='ltr'><strong>legendum</strong></span> <span class='ocrx_word' id='word_1_434' title='bbox 2069 2305 2195 2354; x_wconf 80' lang='lat' dir='ltr'><strong>Mox</strong></span> <span class='ocrx_word' id='word_1_435' title='bbox 2210 2306 2262 2352; x_wconf 78' lang='lat' dir='ltr'><strong>in</strong></span> <span class='ocrx_word' id='word_1_436' title='bbox 2271 2304 2437 2358; x_wconf 73' lang='lat' dir='ltr'><strong>Italia·</strong></span> <span class='ocrx_word' id='word_1_437' title='bbox 2450 2320 2470 2363; x_wconf 80' lang='lat'><strong>‚-</strong></span> <span class='ocrx_word' id='word_1_438' title='bbox 2491 2308 2629 2367; x_wconf 87' lang='lat' dir='ltr'><strong>quod</strong></span> <span class='ocrx_word' id='word_1_439' title='bbox 2649 2307 2758 2358; x_wconf 86' lang='lat' dir='ltr'><strong>sint</strong></span> 
     </span>
     <span class='ocr_line' id='line_1_77' title="bbox 1691 2380 2758 2444; baseline 0.004 -15"><span class='ocrx_word' id='word_1_440' title='bbox 1691 2385 1749 2429; x_wconf 88' lang='lat' dir='ltr'><strong>et</strong></span> <span class='ocrx_word' id='word_1_441' title='bbox 1770 2380 1823 2429; x_wconf 90' lang='lat' dir='ltr'><strong>in</strong></span> <span class='ocrx_word' id='word_1_442' title='bbox 1846 2380 2028 2430; x_wconf 86' lang='lat' dir='ltr'><strong>Sicilia</strong></span> <span class='ocrx_word' id='word_1_443' title='bbox 2049 2390 2105 2430; x_wconf 89' lang='lat' dir='ltr'><strong>et</strong></span> <span class='ocrx_word' id='word_1_444' title='bbox 2134 2381 2263 2430; x_wconf 83' lang='lat' dir='ltr'><strong>alibi</strong></span> <span class='ocrx_word' id='word_1_445' title='bbox 2288 2381 2592 2444; x_wconf 82' lang='lat' dir='ltr'><strong>Locrenses,</strong></span> <span class='ocrx_word' id='word_1_446' title='bbox 2617 2392 2758 2433; x_wconf 87' lang='lat' dir='ltr'><strong>teste</strong></span> 
     </span>
     <span class='ocr_line' id='line_1_78' title="bbox 1689 2455 2786 2511; baseline 0.005 -6"><span class='ocrx_word' id='word_1_447' title='bbox 1689 2456 1952 2506; x_wconf 85' lang='lat' dir='ltr'><strong>Strabone</strong></span> <span class='ocrx_word' id='word_1_448' title='bbox 1975 2455 2065 2506; x_wconf 85' lang='lat' dir='ltr'><strong>lib.</strong></span> <span class='ocrx_word' id='word_1_449' title='bbox 2090 2470 2173 2506; x_wconf 74' lang='grc' dir='ltr'><strong>ιιι.</strong></span> <span class='ocrx_word' id='word_1_450' title='bbox 2194 2464 2252 2506; x_wconf 90' lang='lat' dir='ltr'><strong>et</strong></span> <span class='ocrx_word' id='word_1_451' title='bbox 2275 2457 2460 2506; x_wconf 85' lang='lat' dir='ltr'><strong>Servio</strong></span> <span class='ocrx_word' id='word_1_452' title='bbox 2478 2457 2531 2505; x_wconf 87' lang='lat' dir='ltr'><strong>in</strong></span> <span class='ocrx_word' id='word_1_453' title='bbox 2553 2457 2759 2511; x_wconf 84' lang='lat' dir='ltr'><strong>AEneid.</strong></span> <span class='ocrx_word' id='word_1_454' title='bbox 2782 2500 2786 2503; x_wconf 54' lang='grc'>,</span> 
     </span>
    </p>

    <p class='ocr_par' dir='ltr' id='par_1_12' title="bbox 1689 2533 2757 2737">
     <span class='ocr_line' id='line_1_79' title="bbox 1690 2533 2325 2586; baseline -0.002 -3"><span class='ocrx_word' id='word_1_455' title='bbox 1690 2533 1816 2584; x_wconf 80' lang='lat' dir='ltr'><strong>libb.</strong></span> <span class='ocrx_word' id='word_1_456' title='bbox 1841 2548 1906 2583; x_wconf 86' lang='lat'><strong>11.</strong></span> <span class='ocrx_word' id='word_1_457' title='bbox 1930 2542 1985 2584; x_wconf 87' lang='lat' dir='ltr'><strong>et</strong></span> <span class='ocrx_word' id='word_1_458' title='bbox 2007 2548 2100 2586; x_wconf 90' lang='grc' dir='ltr'><strong>ιιι.</strong></span> <span class='ocrx_word' id='word_1_459' title='bbox 2134 2535 2325 2584; x_wconf 71' lang='lat' dir='ltr'><strong>Schott.</strong></span> 
     </span>
     <span class='ocr_line' id='line_1_80' title="bbox 1757 2608 2757 2674; baseline 0.002 -15"><span class='ocrx_word' id='word_1_460' title='bbox 1757 2610 2084 2674; x_wconf 63' lang='lat' dir='ltr'><strong>Prpserpinae]</strong></span> <span class='ocrx_word' id='word_1_461' title='bbox 2150 2611 2237 2659; x_wconf 89' lang='lat' dir='ltr'><strong>De</strong></span> <span class='ocrx_word' id='word_1_462' title='bbox 2289 2608 2609 2672; x_wconf 84' lang='lat' dir='ltr'><strong>Proserpina</strong></span> <span class='ocrx_word' id='word_1_463' title='bbox 2654 2611 2757 2661; x_wconf 85' lang='lat' dir='ltr'><strong>Lo-</strong></span> 
     </span>
     <span class='ocr_line' id='line_1_81' title="bbox 1689 2684 2512 2737; baseline -0.001 -1"><span class='ocrx_word' id='word_1_464' title='bbox 1689 2687 1862 2737; x_wconf 86' lang='lat' dir='ltr'><strong>crensi</strong></span> <span class='ocrx_word' id='word_1_465' title='bbox 1885 2688 2131 2736; x_wconf 88' lang='lat' dir='ltr'><strong>Lactant.</strong></span> <span class='ocrx_word' id='word_1_466' title='bbox 2151 2699 2213 2735; x_wconf 88' lang='lat'><strong>11.</strong></span> <span class='ocrx_word' id='word_1_467' title='bbox 2239 2690 2287 2735; x_wconf 87' lang='grc'><strong>8.</strong></span> <span class='ocrx_word' id='word_1_468' title='bbox 2321 2684 2512 2735; x_wconf 73' lang='lat' dir='ltr'><strong>Schott.</strong></span> 
     </span>
    </p>
   </div>
   <div class='ocr_carea' id='block_1_4' title="bbox 1753 2749 2850 2832">
    <p class='ocr_par' dir='ltr' id='par_1_13' title="bbox 1753 2749 2850 2832">
     <span class='ocr_line' id='line_1_82' title="bbox 1753 2749 2850 2832; baseline -0.002 -19"><span class='ocrx_word' id='word_1_469' title='bbox 1753 2762 1970 2832; x_wconf 47' lang='lat' dir='ltr'><strong>,Archene</strong></span> <span class='ocrx_word' id='word_1_470' title='bbox 2023 2762 2252 2827; x_wconf 75' lang='lat' dir='ltr'><strong>tentavit]</strong></span> <span class='ocrx_word' id='word_1_471' title='bbox 2309 2761 2430 2811; x_wconf 87' lang='lat' dir='ltr'><strong>Val.</strong></span> <span class='ocrx_word' id='word_1_472' title='bbox 2484 2760 2631 2809; x_wconf 80' lang='lat' dir='ltr'><strong>Max.</strong></span> <span class='ocrx_word' id='word_1_473' title='bbox 2689 2760 2758 2811; x_wconf 83' lang='lat' dir='ltr'><strong>de</strong></span> <span class='ocrx_word' id='word_1_474' title='bbox 2841 2749 2850 2754; x_wconf 51' lang='lat'><strong><em>¹</em></strong></span> 
     </span>
    </p>
   </div>
   <div class='ocr_carea' id='block_1_5' title="bbox 1687 2840 2755 2983">
    <p class='ocr_par' dir='ltr' id='par_1_14' title="bbox 1687 2840 2755 2983">
     <span class='ocr_line' id='line_1_83' title="bbox 1687 2840 2755 2904; baseline -0.002 -12"><span class='ocrx_word' id='word_1_475' title='bbox 1687 2844 1929 2904; x_wconf 77' lang='lat' dir='ltr'><strong>neglecta</strong></span> <span class='ocrx_word' id='word_1_476' title='bbox 1979 2843 2262 2903; x_wconf 68' lang='lat' dir='ltr'><strong>religione:</strong></span> <span class='ocrx_word' id='word_1_477' title='bbox 2328 2840 2482 2889; x_wconf 88' lang='lat' dir='ltr'><strong>‘cum</strong></span> <span class='ocrx_word' id='word_1_478' title='bbox 2538 2846 2755 2892; x_wconf 79' lang='lat' dir='ltr'><strong>onustus</strong></span> 
     </span>
     <span class='ocr_line' id='line_1_84' title="bbox 1689 2918 2754 2983; baseline 0 -13"><span class='ocrx_word' id='word_1_479' title='bbox 1689 2918 1892 2970; x_wconf 85' lang='lat' dir='ltr'><strong>nefaria</strong></span> <span class='ocrx_word' id='word_1_480' title='bbox 1926 2921 2106 2983; x_wconf 75' lang='lat' dir='ltr'><strong>proeda</strong></span> <span class='ocrx_word' id='word_1_481' title='bbox 2145 2919 2439 2983; x_wconf 79' lang='lat' dir='ltr'><strong>navigaret,</strong></span> <span class='ocrx_word' id='word_1_482' title='bbox 2475 2919 2527 2967; x_wconf 76' lang='lat' dir='ltr'><strong>vi</strong></span> <span class='ocrx_word' id='word_1_483' title='bbox 2563 2918 2754 2970; x_wconf 63' lang='lat' dir='ltr'><strong>subita</strong></span> 
     </span>
    </p>
   </div>
   <div class='ocr_carea' id='block_1_6' title="bbox 1609 2996 2861 3137">
    <p class='ocr_par' dir='ltr' id='par_1_15' title="bbox 1609 2996 2861 3137">
     <span class='ocr_line' id='line_1_85' title="bbox 1609 2996 2757 3061; baseline 0.002 -16"><span class='ocrx_word' id='word_1_484' title='bbox 1609 3027 1613 3031; x_wconf 22' lang='grc' dir='ltr'><strong>Δ</strong></span> <span class='ocrx_word' id='word_1_485' title='bbox 1688 2998 2015 3061; x_wconf 84' lang='lat' dir='ltr'><strong>tempestatis</strong></span> <span class='ocrx_word' id='word_1_486' title='bbox 2062 3003 2171 3047; x_wconf 87' lang='lat' dir='ltr'><strong>tota</strong></span> <span class='ocrx_word' id='word_1_487' title='bbox 2212 3011 2330 3046; x_wconf 86' lang='lat' dir='ltr'><strong>cum</strong></span> <span class='ocrx_word' id='word_1_488' title='bbox 2369 2996 2539 3046; x_wconf 87' lang='lat' dir='ltr'><strong>classe</strong></span> <span class='ocrx_word' id='word_1_489' title='bbox 2573 2998 2757 3047; x_wconf 82' lang='lat' dir='ltr'><strong>vicinis</strong></span> 
     </span>
     <span class='ocr_line' id='line_1_86' title="bbox 1688 3072 2861 3137; baseline -0.001 -14"><span class='ocrx_word' id='word_1_490' title='bbox 1688 3074 1817 3124; x_wconf 75' lang='lat' dir='ltr'><strong>Deoe</strong></span> <span class='ocrx_word' id='word_1_491' title='bbox 1851 3072 2116 3128; x_wconf 83' lang='lat' dir='ltr'><strong>littoribus</strong></span> <span class='ocrx_word' id='word_1_492' title='bbox 2152 3072 2308 3122; x_wconf 85' lang='lat' dir='ltr'><strong>elisus</strong></span> <span class='ocrx_word' id='word_1_493' title='bbox 2346 3077 2444 3135; x_wconf 85' lang='lat' dir='ltr'><strong>est,</strong></span> <span class='ocrx_word' id='word_1_494' title='bbox 2476 3072 2530 3120; x_wconf 90' lang='lat' dir='ltr'><strong>in</strong></span> <span class='ocrx_word' id='word_1_495' title='bbox 2566 3073 2757 3137; x_wconf 84' lang='lat' dir='ltr'><strong>quibus</strong></span> <span class='ocrx_word' id='word_1_496' title='bbox 2849 3089 2861 3102; x_wconf 82' lang='grc'><em>·</em></span> 
     </span>
    </p>
   </div>
   <div class='ocr_carea' id='block_1_7' title="bbox 1685 3149 2759 4356">
    <p class='ocr_par' dir='ltr' id='par_1_16' title="bbox 1685 3149 2759 4356">
     <span class='ocr_line' id='line_1_87' title="bbox 1689 3149 2752 3214; baseline -0.001 -15"><span class='ocrx_word' id='word_1_497' title='bbox 1689 3152 1913 3214; x_wconf 84' lang='lat' dir='ltr'><strong>pecunia</strong></span> <span class='ocrx_word' id='word_1_498' title='bbox 1934 3150 2204 3200; x_wconf 86' lang='lat' dir='ltr'><strong>incolumis</strong></span> <span class='ocrx_word' id='word_1_499' title='bbox 2230 3153 2459 3212; x_wconf 85' lang='lat' dir='ltr'><strong>reperta,</strong></span> <span class='ocrx_word' id='word_1_500' title='bbox 2491 3149 2752 3199; x_wconf 84' lang='lat' dir='ltr'><strong>sanctissi-</strong></span> 
     </span>
     <span class='ocr_line' id='line_1_88' title="bbox 1688 3228 2759 3282; baseline 0.003 -3"><span class='ocrx_word' id='word_1_501' title='bbox 1688 3230 1758 3279; x_wconf 86' lang='lat' dir='ltr'><strong>mi</strong></span> <span class='ocrx_word' id='word_1_502' title='bbox 1799 3229 2030 3279; x_wconf 86' lang='lat' dir='ltr'><strong>thesauri</strong></span> <span class='ocrx_word' id='word_1_503' title='bbox 2066 3228 2315 3280; x_wconf 77' lang='lat' dir='ltr'><strong>custodioe</strong></span> <span class='ocrx_word' id='word_1_504' title='bbox 2355 3230 2601 3278; x_wconf 85' lang='lat' dir='ltr'><strong>restituta</strong></span> <span class='ocrx_word' id='word_1_505' title='bbox 2639 3235 2759 3282; x_wconf 58' lang='lat' dir='ltr'><strong>est?</strong></span> 
     </span>
     <span class='ocr_line' id='line_1_89' title="bbox 1688 3305 2751 3365; baseline 0.004 -12"><span class='ocrx_word' id='word_1_506' title='bbox 1688 3306 1853 3354; x_wconf 75' lang='grc' dir='ltr'><strong>ΜαοΙι.</strong></span> <span class='ocrx_word' id='word_1_507' title='bbox 1886 3306 2037 3357; x_wconf 84' lang='lat' dir='ltr'><strong>Leid.</strong></span> <span class='ocrx_word' id='word_1_508' title='bbox 2057 3310 2109 3356; x_wconf 92' lang='grc'><strong>2.</strong></span> <span class='ocrx_word' id='word_1_509' title='bbox 2127 3305 2319 3365; x_wconf 64' lang='lat' dir='ltr'><strong>afferre</strong></span> <span class='ocrx_word' id='word_1_510' title='bbox 2334 3321 2351 3354; x_wconf 91' lang='lat'><strong>.·</strong></span> <span class='ocrx_word' id='word_1_511' title='bbox 2375 3305 2527 3355; x_wconf 86' lang='lat' dir='ltr'><strong>Fran.</strong></span> <span class='ocrx_word' id='word_1_512' title='bbox 2542 3305 2751 3357; x_wconf 74' lang='lat' dir='ltr'><strong>habere.-</strong></span> 
     </span>
     <span class='ocr_line' id='line_1_90' title="bbox 1687 3381 2753 3445; baseline 0.005 -16"><span class='ocrx_word' id='word_1_513' title='bbox 1687 3381 1888 3431; x_wconf 84' lang='lat' dir='ltr'><strong>Boend.</strong></span> <span class='ocrx_word' id='word_1_514' title='bbox 1952 3384 2157 3432; x_wconf 62' lang='lat' dir='ltr'><strong>duwe.-</strong></span> <span class='ocrx_word' id='word_1_515' title='bbox 2225 3394 2405 3431; x_wconf 84' lang='lat' dir='ltr'><strong>omnes</strong></span> <span class='ocrx_word' id='word_1_516' title='bbox 2462 3396 2753 3445; x_wconf 83' lang='lat' dir='ltr'><strong>perperam.</strong></span> 
     </span>
     <span class='ocr_line' id='line_1_91' title="bbox 1689 3458 2753 3522; baseline 0.001 -15"><span class='ocrx_word' id='word_1_517' title='bbox 1689 3458 1865 3507; x_wconf 85' lang='lat' dir='ltr'><strong>Caesar</strong></span> <span class='ocrx_word' id='word_1_518' title='bbox 1887 3459 2024 3509; x_wconf 88' lang='lat' dir='ltr'><strong>Bell.</strong></span> <span class='ocrx_word' id='word_1_519' title='bbox 2048 3458 2192 3509; x_wconf 80' lang='lat' dir='ltr'><strong>Gall.</strong></span> <span class='ocrx_word' id='word_1_520' title='bbox 2213 3471 2313 3507; x_wconf 86' lang='lat' dir='ltr'><strong>vn.</strong></span> <span class='ocrx_word' id='word_1_521' title='bbox 2335 3462 2418 3506; x_wconf 80' lang='lat'><strong>66.</strong></span> <span class='ocrx_word' id='word_1_522' title='bbox 2447 3460 2474 3522; x_wconf 61' lang='grc' dir='ltr'><strong>ξ</strong></span> <span class='ocrx_word' id='word_1_523' title='bbox 2497 3462 2549 3507; x_wconf 87' lang='grc'><strong>8.</strong></span> <span class='ocrx_word' id='word_1_524' title='bbox 2580 3464 2596 3487; x_wconf 85' lang='lat'>‘</span> <span class='ocrx_word' id='word_1_525' title='bbox 2620 3460 2753 3508; x_wconf 89' lang='lat' dir='ltr'><strong>Fru-</strong></span> 
     </span>
     <span class='ocr_line' id='line_1_92' title="bbox 1687 3534 2752 3598; baseline 0.003 -16"><span class='ocrx_word' id='word_1_526' title='bbox 1687 3535 1850 3584; x_wconf 87' lang='lat' dir='ltr'><strong>menti</strong></span> <span class='ocrx_word' id='word_1_527' title='bbox 1869 3534 2003 3598; x_wconf 86' lang='lat' dir='ltr'><strong>quod</strong></span> <span class='ocrx_word' id='word_1_528' title='bbox 2021 3536 2190 3585; x_wconf 85' lang='lat' dir='ltr'><strong>subito</strong></span> <span class='ocrx_word' id='word_1_529' title='bbox 2211 3541 2514 3597; x_wconf 86' lang='lat' dir='ltr'><strong>potuerunt,</strong></span> <span class='ocrx_word' id='word_1_530' title='bbox 2531 3536 2752 3585; x_wconf 82' lang='lat' dir='ltr'><strong>navibus</strong></span> 
     </span>
     <span class='ocr_line' id='line_1_93' title="bbox 1688 3612 2751 3670; baseline 0.003 -9"><span class='ocrx_word' id='word_1_531' title='bbox 1688 3612 2014 3663; x_wconf 61' lang='lat' dir='ltr'><strong>avexerunt!</strong></span> <span class='ocrx_word' id='word_1_532' title='bbox 2040 3613 2220 3670; x_wconf 72' lang='lat' dir='ltr'><strong>Livius</strong></span> <span class='ocrx_word' id='word_1_533' title='bbox 2244 3627 2379 3664; x_wconf 69' lang='lat' dir='ltr'><strong>XLV.</strong></span> <span class='ocrx_word' id='word_1_534' title='bbox 2403 3617 2486 3664; x_wconf 75' lang='lat'><strong>33.</strong></span> <span class='ocrx_word' id='word_1_535' title='bbox 2518 3619 2534 3642; x_wconf 85' lang='lat'>‘</span> <span class='ocrx_word' id='word_1_536' title='bbox 2556 3614 2678 3663; x_wconf 87' lang='lat' dir='ltr'><strong>Nou</strong></span> <span class='ocrx_word' id='word_1_537' title='bbox 2700 3616 2751 3664; x_wconf 87' lang='lat' dir='ltr'><strong>in</strong></span> 
     </span>
     <span class='ocr_line' id='line_1_94' title="bbox 1685 3690 2752 3755; baseline 0.003 -17"><span class='ocrx_word' id='word_1_538' title='bbox 1685 3704 1833 3738; x_wconf 88' lang='lat' dir='ltr'><strong>usum</strong></span> <span class='ocrx_word' id='word_1_539' title='bbox 1889 3690 2041 3742; x_wconf 79' lang='lat' dir='ltr'><strong>modo</strong></span> <span class='ocrx_word' id='word_1_540' title='bbox 2084 3698 2417 3755; x_wconf 64' lang='lat' dir='ltr'><strong>prmaeium,</strong></span> <span class='ocrx_word' id='word_1_541' title='bbox 2463 3690 2554 3739; x_wconf 85' lang='lat' dir='ltr'><strong>sed</strong></span> <span class='ocrx_word' id='word_1_542' title='bbox 2595 3693 2752 3741; x_wconf 85' lang='lat' dir='ltr'><strong>etiam</strong></span> 
     </span>
     <span class='ocr_line' id='line_1_95' title="bbox 1686 3765 2752 3830; baseline 0.001 -16"><span class='ocrx_word' id='word_1_543' title='bbox 1686 3765 1822 3829; x_wconf 86' lang='lat' dir='ltr'><strong>quod</strong></span> <span class='ocrx_word' id='word_1_544' title='bbox 1845 3765 2025 3817; x_wconf 84' lang='lat' dir='ltr'><strong>domos</strong></span> <span class='ocrx_word' id='word_1_545' title='bbox 2049 3766 2370 3816; x_wconf 56' lang='lat' dir='ltr'><strong>uenerant)</strong></span> <span class='ocrx_word' id='word_1_546' title='bbox 2419 3767 2609 3830; x_wconf 78' lang='lat' dir='ltr'><strong>virgil.</strong></span> <span class='ocrx_word' id='word_1_547' title='bbox 2635 3768 2752 3817; x_wconf 84' lang='lat' dir='ltr'><strong>AEn.</strong></span> 
     </span>
     <span class='ocr_line' id='line_1_96' title="bbox 1686 3840 2752 3892; baseline 0.002 -2"><span class='ocrx_word' id='word_1_548' title='bbox 1686 3854 1751 3890; x_wconf 89' lang='lat' dir='ltr'><strong>n.</strong></span> <span class='ocrx_word' id='word_1_549' title='bbox 1770 3845 1854 3891; x_wconf 76' lang='lat'><strong>43.</strong></span> <span class='ocrx_word' id='word_1_550' title='bbox 1885 3844 1904 3870; x_wconf 87' lang='lat'>‘</span> <span class='ocrx_word' id='word_1_551' title='bbox 1928 3842 2156 3892; x_wconf 84' lang='lat' dir='ltr'><strong>Creditis</strong></span> <span class='ocrx_word' id='word_1_552' title='bbox 2178 3848 2391 3892; x_wconf 85' lang='lat' dir='ltr'><strong>avectos</strong></span> <span class='ocrx_word' id='word_1_553' title='bbox 2410 3840 2626 3891; x_wconf 76' lang='lat' dir='ltr'><strong>hostes-⁹</strong></span> <span class='ocrx_word' id='word_1_554' title='bbox 2683 3843 2752 3892; x_wconf 89' lang='lat' dir='ltr'><strong>Et</strong></span> 
     </span>
     <span class='ocr_line' id='line_1_97' title="bbox 1686 3918 2749 3984; baseline -0.003 -14"><span class='ocrx_word' id='word_1_555' title='bbox 1686 3935 1765 3970; x_wconf 81' lang='lat' dir='ltr'><strong>vs.</strong></span> <span class='ocrx_word' id='word_1_556' title='bbox 1798 3925 1913 3971; x_wconf 84' lang='grc'><strong>179.</strong></span> <span class='ocrx_word' id='word_1_557' title='bbox 1945 3921 1961 3949; x_wconf 89' lang='lat'>‘</span> <span class='ocrx_word' id='word_1_558' title='bbox 1986 3921 2142 3974; x_wconf 83' lang='lat' dir='ltr'><strong>Quod</strong></span> <span class='ocrx_word' id='word_1_559' title='bbox 2173 3921 2357 3984; x_wconf 81' lang='lat' dir='ltr'><strong>pelago</strong></span> <span class='ocrx_word' id='word_1_560' title='bbox 2392 3926 2447 3970; x_wconf 90' lang='lat' dir='ltr'><strong>et</strong></span> <span class='ocrx_word' id='word_1_561' title='bbox 2477 3918 2651 3970; x_wconf 80' lang='lat' dir='ltr'><strong>curvis</strong></span> <span class='ocrx_word' id='word_1_562' title='bbox 2674 3925 2749 3968; x_wconf 58' lang='lat' dir='ltr'><strong>sess</strong></span> 
     </span>
     <span class='ocr_line' id='line_1_98' title="bbox 1685 3994 2749 4061; baseline -0.001 -16"><span class='ocrx_word' id='word_1_563' title='bbox 1685 4010 1802 4045; x_wconf 87' lang='lat' dir='ltr'><strong>cum</strong></span> <span class='ocrx_word' id='word_1_564' title='bbox 1848 4012 2071 4047; x_wconf 83' lang='lat' dir='ltr'><strong>avexere</strong></span> <span class='ocrx_word' id='word_1_565' title='bbox 2113 3996 2378 4061; x_wconf 82' lang='lat' dir='ltr'><strong>quadrigis</strong></span> <span class='ocrx_word' id='word_1_566' title='bbox 2399 3994 2436 4045; x_wconf 73' lang='grc' dir='ltr'><strong>ι’</strong></span> <span class='ocrx_word' id='word_1_567' title='bbox 2481 3995 2572 4045; x_wconf 85' lang='lat' dir='ltr'><strong>ubi</strong></span> <span class='ocrx_word' id='word_1_568' title='bbox 2617 3996 2749 4044; x_wconf 80' lang='lat' dir='ltr'><strong>male</strong></span> 
     </span>
     <span class='ocr_line' id='line_1_99' title="bbox 1686 4073 2748 4124; baseline -0.002 -1"><span class='ocrx_word' id='word_1_569' title='bbox 1686 4073 1777 4123; x_wconf 81' lang='lat' dir='ltr'><strong>alii</strong></span> <span class='ocrx_word' id='word_1_570' title='bbox 1808 4076 2057 4124; x_wconf 77' lang='lat' dir='ltr'><strong>advexere.</strong></span> <span class='ocrx_word' id='word_1_571' title='bbox 2107 4074 2303 4124; x_wconf 85' lang='lat' dir='ltr'><strong>Lucan.</strong></span> <span class='ocrx_word' id='word_1_572' title='bbox 2325 4087 2404 4122; x_wconf 78' lang='lat' dir='ltr'><strong>vr.</strong></span> <span class='ocrx_word' id='word_1_573' title='bbox 2437 4075 2555 4121; x_wconf 74' lang='grc'><strong>362.</strong></span> <span class='ocrx_word' id='word_1_574' title='bbox 2588 4074 2606 4102; x_wconf 77' lang='lat'><em>⁶</em></span> <span class='ocrx_word' id='word_1_575' title='bbox 2633 4073 2748 4122; x_wconf 86' lang='lat' dir='ltr'><strong>Nec</strong></span> 
     </span>
     <span class='ocr_line' id='line_1_100' title="bbox 1687 4148 2748 4212; baseline -0.001 -14"><span class='ocrx_word' id='word_1_576' title='bbox 1687 4149 1875 4199; x_wconf 84' lang='lat' dir='ltr'><strong>fortior</strong></span> <span class='ocrx_word' id='word_1_577' title='bbox 1910 4150 2061 4199; x_wconf 88' lang='lat' dir='ltr'><strong>undis</strong></span> <span class='ocrx_word' id='word_1_578' title='bbox 2099 4148 2319 4199; x_wconf 84' lang='lat' dir='ltr'><strong>Labitur</strong></span> <span class='ocrx_word' id='word_1_579' title='bbox 2355 4156 2557 4199; x_wconf 77' lang='lat' dir='ltr'><strong>avectoe</strong></span> <span class='ocrx_word' id='word_1_580' title='bbox 2601 4156 2748 4212; x_wconf 89' lang='lat' dir='ltr'><strong>pater</strong></span> 
     </span>
     <span class='ocr_line' id='line_1_101' title="bbox 1689 4225 2744 4290; baseline -0.003 -15"><span class='ocrx_word' id='word_1_581' title='bbox 1689 4226 1844 4275; x_wconf 86' lang='lat' dir='ltr'><strong>Isidis</strong></span> <span class='ocrx_word' id='word_1_582' title='bbox 1867 4225 1902 4274; x_wconf 67' lang='grc' dir='ltr'><strong>τ’</strong></span> <span class='ocrx_word' id='word_1_583' title='bbox 1934 4226 2009 4275; x_wconf 88' lang='lat' dir='ltr'><strong>ibi</strong></span> <span class='ocrx_word' id='word_1_584' title='bbox 2031 4225 2214 4275; x_wconf 82' lang='lat' dir='ltr'><strong>eodem</strong></span> <span class='ocrx_word' id='word_1_585' title='bbox 2245 4227 2395 4275; x_wconf 84' lang='lat' dir='ltr'><strong>modo</strong></span> <span class='ocrx_word' id='word_1_586' title='bbox 2424 4234 2677 4290; x_wconf 84' lang='lat' dir='ltr'><strong>peccatur</strong></span> <span class='ocrx_word' id='word_1_587' title='bbox 2696 4225 2744 4273; x_wconf 89' lang='lat' dir='ltr'><strong>iu</strong></span> 
     </span>
     <span class='ocr_line' id='line_1_102' title="bbox 1688 4301 2744 4356; baseline -0.007 -1"><span class='ocrx_word' id='word_1_588' title='bbox 1688 4304 1818 4355; x_wconf 83' lang='lat' dir='ltr'><strong>Mss.</strong></span> <span class='ocrx_word' id='word_1_589' title='bbox 1853 4317 1911 4353; x_wconf 85' lang='lat' dir='ltr'><strong>v.</strong></span> <span class='ocrx_word' id='word_1_590' title='bbox 1951 4302 2225 4353; x_wconf 81' lang='lat' dir='ltr'><strong>Drakenb.</strong></span> <span class='ocrx_word' id='word_1_591' title='bbox 2268 4302 2334 4356; x_wconf 85' lang='lat' dir='ltr'><strong>ad</strong></span> <span class='ocrx_word' id='word_1_592' title='bbox 2379 4301 2472 4351; x_wconf 82' lang='lat' dir='ltr'><strong>Sil.</strong></span> <span class='ocrx_word' id='word_1_593' title='bbox 2512 4314 2596 4351; x_wconf 76' lang='lat' dir='ltr'><strong>tv.</strong></span> <span class='ocrx_word' id='word_1_594' title='bbox 2632 4304 2744 4351; x_wconf 76' lang='grc'><strong>318.</strong></span> 
     </span>
    </p>
   </div>
   <div class='ocr_carea' id='block_1_8' title="bbox 2966 83 2973 2151">
    <p class='ocr_par' dir='ltr' id='par_1_17' title="bbox 2966 83 2973 2151">
     <span class='ocr_line' id='line_1_103' title="bbox 2966 83 2973 2151; baseline 0 0"><span class='ocrx_word' id='word_1_595' title='bbox 2966 83 2973 2151; x_wconf 95' lang='lat' dir='ltr'><strong> </strong></span> 
     </span>
    </p>
   </div>
  </div>
 </body>
</html>
