3025 4934
409 384 538 452 458
1098 400 1316 452 Not-At
1363 402 1768 452 vammum
1821 402 1903 451 ιΝ

408 546 544 597 Nam
560 544 625 595 de
648 545 815 611 patria
834 544 1010 595 Verrii
1035 544 1229 610 Flacci,
1253 540 1463 597 Antias·

406 636 474 672 ne
498 621 677 687 fuerit,
699 623 820 673 mihi
844 624 914 674 N.
935 624 996 674 L.
1030 622 1214 675 Some.
1253 617 1258 621 ’

481 698 649 749 Verrio
684 700 873 763 Flacco,
911 699 1136 763 Antiate]
1188 696 1278 748 Sic
1324 702 1468 748 recte

409 775 524 825 hoee
577 775 852 840 distinguit
894 776 1199 826 doctissima
1237 771 1466 836 foemine,

410 852 678 917 Sylburgii
713 861 769 903 et
803 852 1007 904 Schotti
1046 861 1227 902 secuta
1261 859 1467 901 senten·

406 931 556 993 tiam,
575 945 693 981 cum
707 938 920 994 separat
933 932 1224 994 duos,quos
1242 943 1337 993 pro
1363 942 1465 977 uuo

405 1008 542 1057 male
596 1016 913 1072 acceperunt
966 1006 1214 1056 editores.
1289 1003 1467 1069 Atque

405 1084 484 1135 ita
520 1083 704 1134 melius
744 1083 943 1133 editum
976 1083 1113 1148 apud
1151 1080 1378 1131 Plinium
1412 1082 1467 1131 iu

406 1162 577 1213 Cetal.
609 1161 701 1211 lib.
742 1173 956 1210 xxxin.
984 1160 1001 1188 ‘
1030 1158 1090 1208 L.
1110 1158 1323 1220 Pisone,
1359 1156 1465 1206 An-

406 1237 556 1295 tiate,
603 1235 828 1287 Verrio!
867 1235 959 1286 lib.
998 1248 1200 1286 xxxiv,
1235 1243 1291 1284 et
1324 1233 1465 1284 alibi.

407 1314 526 1364 Erit
562 1314 648 1365 hic
679 1314 745 1366 Q.
787 1313 1025 1364 Valerius
1065 1312 1287 1367 Antias,'
1313 1309 1465 1373 cujus

408 1390 726 1441 mentionem
751 1393 909 1441 etiam
929 1388 1059 1440 facit
1081 1389 1285 1439 Gellius
1307 1387 1466 1437 Noct.

406 1465 526 1517 Att.
556 1481 598 1517 1.
617 1471 668 1517 7.
690 1473 747 1517 et
785 1481 872 1517 ιιι.
892 1471 945 1516 6.
978 1473 1033 1516 et
1054 1465 1161 1529 alii,
1185 1460 1251 1514 de
1280 1464 1464 1530 quibus

407 1542 756 1595 conferendus
810 1542 1025 1593 Vossius
1065 1541 1116 1592 in
1160 1539 1300 1592 Hist.
1347 1541 1464 1591 Lat.

409 1622 588 1672 Arntz.

472 1699 646 1748 Marco
701 1697 938 1761 Varrone]
984 1696 1074 1747 Sic
1119 1701 1266 1743 vetus
1314 1693 1465 1757 liber,

404 1775 499 1825 sed
522 1788 618 1838 ego
641 1774 832 1824 Licinio
865 1775 1032 1824 Macro
1065 1771 1340 1836 legendum
1372 1786 1464 1838 pu·

407 1852 604 1902 tabam.
637 1851 824 1901 Schott.

475 1925 863 1991 Neuter-ioman]
916 1926 1106 1977 Ascou.
1145 1924 1366 1976 Pedian.
1399 1924 1464 1976 ad

405 2007 519 2056 Cic.
551 2006 727 2057 Divin.
780 2005 835 2055 in
874 2004 1032 2054 Verr.
1081 2018 1131 2068 p.
1176 2007 1260 2052 22.
1309 2008 1325 2031 ¹
1350 2001 1468 2052 noe

405 2084 614 2149 quidem
636 2083 824 2132 leviter
859 2097 892 2132 a
914 2082 1163 2133 Cicerone
1187 2076 1387 2130 dictum
1409 2087 1466 2131 et

402 2161 669 2210 neoterice
691 2158 917 2222 putant.’
979 2157 1043 2207 In
1066 2171 1175 2221 seq.
1196 2162 1322 2208 note
1344 2154 1468 2218 qnid

402 2236 470 2286 de
491 2233 723 2291 Asconio
744 2233 962 2298 cogitet,
993 2234 1084 2298 qui
1117 2238 1240 2296 post
1262 2230 1468 2280 Aureli·

403 2328 490 2364 um
504 2312 770 2362 Victorem
792 2308 1004 2367 fuisset,
1024 2310 1222 2371 nescio,
1247 2322 1367 2358 cum
1377 2308 1470 2358 ille

405 2396 563 2440 atate
587 2390 738 2452 longe
763 2387 1111 2452 praecesserit.
1144 2386 1322 2436 Amtz.

471 2468 611 2517 Cat».
657 2479 696 2514 ι.
730 2467 759 2530 §
796 2470 823 2514 l
869 2465 1023 2515 Arma
1057 2461 1219 2526 Jovis]
1262 2461 1469 2524 Virgilii

403 2544 549 2593 locus
582 2548 760 2591 exstat
796 2542 915 2591 AEn.
941 2553 1069 2591 vus.
1098 2554 1176 2589 vs.
1209 2543 1325 2589 319.
1355 2538 1472 2603 Syl·

469 2698 500 2761 ξ
530 2700 564 2746 2
602 2693 843 2758 Consilio]
876 2693 984 2744 Pro
1017 2692 1035 2722 ‘
1049 2690 1304 2758 judici03’
1345 2705 1469 2757 quo·

406 2772 561 2824 modo
579 2773 716 2823 hanc
749 2785 931 2822 vocem
952 2771 1038 2820 hie
1067 2783 1182 2819 esse
1205 2782 1472 2834 exponen-

404 2852 527 2902 dam
548 2850 754 2902 monuit
775 2848 1022 2901 Barthius
1054 2846 1195 2898 Adv.
1228 2850 1361 2897 xxii.
1388 2849 1470 2897 16.

404 2934 463 2980 et
483 2942 606 2979 xxr.
643 2934 694 2979 2.
715 2927 802 2978 cui
826 2926 961 2976 adde
988 2924 1180 2987 Scalig.
1200 2922 1265 2972 ad
1288 2923 1471 2973 Manil.

395 3007 495 3056 lib.
522 3020 602 3056 tv.
622 3020 702 3057 vs.
722 3008 840 3055 889.
873 3002 1054 3053 Arate.

420 3110 429 3117 —
474 3084 603 3134 Coelo
636 3088 686 3132 et
730 3087 862 3132 terro
901 3078 1077 3142 editos]
1128 3077 1233 3130 Qui
1266 3076 1470 3127 illustre

406 3159 614 3225 aliquod
648 3157 956 3209 beneficium
990 3156 1154 3219 primo
1174 3153 1468 3204 mortalium

404 3236 582 3301 generi
606 3233 991 3299 prae'stitissent,
1010 3234 1072 3281 'ut
1103 3231 1369 3287 Cererem,
1391 3227 1470 3279 re-

404 3314 571 3378 pertis
586 3320 642 3362 et
663 3309 899 3372 frugibus
921 3319 978 3359 et
992 3307 1331 3371 agricultura,
1349 3305 1469 3355 ἄπο-

405 3386 568 3439 θεώσει
589 3387 808 3453 quadam
832 3385 1068 3435 homines
1102 3383 1178 3434 illi
1199 3397 1468 3433 eonsecra-

407 3474 551 3530 runt,
580 3466 815 3528 coeloque
843 3461 1135 3512 donarunt}
1171 3458 1308 3525 quod
1345 3459 1468 3510 inde

368 3592 371 3595 .
406 3545 661 3609 originem
686 3541 928 3597 traxisse,
953 3545 1011 3588 et
1033 3539 1280 3601 tanquam
1304 3537 1467 3587 numi·

406 3638 476 3673 na
519 3623 653 3673 coelo
694 3620 913 3683 delapsa
965 3616 1267 3666 mortalium·
1314 3615 1466 3679 bono,

407 3699 570 3748 stulte
593 3695 892 3750 crederent,
916 3706 1195 3755 eorumque
1221 3699 1466 3754 parentes

406 3777 741 3839 ignorat-enm
798 3779 889 3821 aut
935 3784 1002 3818 ex
1053 3770 1322 3833 inopinato
1364 3769 1466 3833 ipsi

407 3853 790 3918 apparuissent.
856 3849 1071 3898 Tertull.
1106 3848 1467 3912 Apologetieo.

409 3929 517 3981 Sed
574 3941 640 3977 ne
685 3927 897 3975 aliorum
945 3924 1135 3973 scrinia
1180 3925 1466 3988 compilare

408 4005 606 4064 videar,
633 4005 785 4081 lege
788 4005 1056 4053 Erasmum
1089 4002 1378 4051 Chiliasten
1409 4009 1468 4056 et

409 4083 540 4135 Οτι.
575 4056 793 4142 Rhodig.
833 4093 930 4130 xx.
961 4082 1044 4128 28.
1108 4078 1247 4129 Illud
1278 4078 1465 4129 addam

407 4177 473 4211 ex
497 4158 681 4210 eodem
702 4157 1013 4208 Tertulliani
1038 4155 1207 4208 libro·
1243 4157 1467 4208 ··Satur

407 4237 566 4297 uum‚’
588 4236 798 4300 inquit,‘
816 4232 1466 4299 quantumliteraedoceut,

409 4330 579 4384 aeque
609 4313 875 4366 Diodorus
899 4311 1117 4363 Graeeus
1142 4311 1156 4335 ’
1188 4308 1292 4376 (sic
1324 4310 1462 4363 enim

1537 544 1641 609 leg.
1676 545 1764 595 alii
1812 544 2120 604 docuerunt,
2169 560 2267 597 non
2304 548 2597 612 Theodorus)

1540 631 1555 652 ⁸
1577 628 1667 672 aut
1700 621 1947 673 Thallus:
1993 638 2156 688 neque
2190 625 2399 675 Cassius
2437 625 2598 676 Seve-

1539 711 1646 760 rus,
1689 704 1779 747 aut
1820 697 1976 748 Corn.
2018 699 2215 763 Nepos,
2248 713 2416 765 neque
2462 702 2595 750 ullus

1539 782 1918 824 commentator
1973 773 2263 839 hujusmodi
2315 777 2598 842 antiquita·

1540 856 1668 906 tum,
1702 850 1839 900 aliud
1875 865 2028 915 quam
2073 851 2327 903 hominem
2371 854 2598 918 promul·

1539 925 1764 991 garunt.’
1829 927 1983 979 Quod
2039 930 2291 980 Minutius
2349 931 2498 981 Felix
2542 933 2597 981 in

1542 1004 1764 1054 Octavio
1788 1006 2091 1070 exscripsit,
2110 1014 2165 1056 et
2181 1008 2483 1057 Lactantius
2502 1010 2601 1058 Di·

1533 1080 1643 1128 vin.
1664 1078 1905 1132 Institut.
1926 1095 1966 1130 ι.
1990 1085 2071 1132 13.
2091 1089 2151 1132 ut
2183 1082 2236 1131 in
2271 1082 2597 1146 Fragmentis

1541 1157 1697 1208 Corn.
1723 1159 1951 1222 Nepotis
1985 1159 2225 1209 diximus.
2261 1159 2450 1210 δώσει.
2517 1158 2598 1209 De

1541 1234 1686 1284 Coelo
1719 1242 1775 1285 et
1809 1235 1974 1285 Terra
2006 1236 2192 1299 genitis
2229 1237 2431 1288 notavit
2462 1237 2598 1287 idem

1539 1308 1784 1363 schottus
1828 1313 1962 1363 scitu
2007 1327 2110 1363 non
2154 1313 2396 1378 indignat
2444 1330 2600 1383 prop·

1540 1395 1688 1439 terea
1710 1404 1831 1440 vero
1854 1390 2041 1440 talibus
2064 1390 2264 1441 Coelum
2283 1401 2484 1454 patrem
2509 1394 2600 1441 tri-

1542 1463 1655 1516 buit
1674 1467 1883 1532 antiqua
1904 1467 2224 1531 superstitio,
2247 1468 2364 1533 quia
2386 1469 2601 1520 coeleste

1539 1543 1660 1607 illis,
1684 1558 1789 1596 nou
1812 1554 2060 1595 terrestre
2083 1559 2181 1595 nec
2204 1561 2429 1596 crassum
2455 1548 2601 1611 inge·

1539 1622 1703 1684 nium,
1745 1630 1805 1671 ut
1850 1621 2040 1672 ceteris
2081 1622 2389 1681 hominibus,
2432 1623 2602 1674 inesse

1540 1697 1688 1748 vidit.
1728 1697 1958 1762 Syllam-g.

1602 1776 1686 1839 §4
1722 1770 1894 1837 Trojoe'
1921 1775 2004 1839 qui
2036 1773 2242 1839 primus]
2286 1776 2302 1804 ‘
2324 1775 2601 1826 Primnm’

1537 1866 1664 1903 vero
1686 1867 1781 1917 pro
1805 1853 2043 1917 principe
2071 1854 2176 1904 dici
2195 1867 2299 1903 non
2324 1852 2602 1903 admodum

1541 1929 1724 1979 tritum
1790 1942 1904 1979 esse
1970 1939 2148 1981 censet
2217 1929 2400 1979 Barth.
2462 1928 2603 1980 Adv.

1541 2016 1760 2057 xxxin.
1778 2011 1860 2056 21.
1887 2015 1946 2057 ·et
1970 2021 2180 2058 xxxix.
2207 2012 2289 2056 10.
2311 2008 2501 2072 Virgil.
2526 2016 2603 2057 ta-

1541 2098 1660 2132 men
1682 2085 1759 2133 ita
1784 2085 1992 2147 passim.
2059 2084 2196 2134 Vide
2219 2084 2284 2133 ad
2306 2099 2422 2134 eum
2453 2084 2604 2134 SerV.

1540 2157 1657 2207 AEn.
1675 2172 1715 2207 1.
1741 2156 1814 2208 bs.
1840 2163 1924 2210 24.
1955 2168 2011 2209 et
2041 2174 2104 2210 ιι.
2127 2174 2207 2211 vs.
2228 2164 2344 2209 636.
2368 2159 2605 2209 Broukh.

1542 2232 1608 2282 ad
1653 2235 1818 2299 Prop.
1850 2236 1997 2300 Eleg.
2021 2250 2058 2287 1.
2082 2239 2133 2288 7.
2158 2240 2212 2286 3.
2282 2236 2441 2287 ovid.
2475 2236 2609 2291 Her.

1540 2324 1616 2360 tv.
1662 2314 1776 2363 117.ι
1832 2311 2051 2362 ‘Prima
2100 2313 2420 2376 securigeras
2463 2313 2606 2364 inter

1541 2390 1741 2440 virtute
1766 2391 1966 2455 puellas
1981 2392 2063 2441 Te
2082 2391 2292 2456 peperit
2311 2390 2347 2441 ι’
2379 2391 2512 2441 adde
2532 2389 2608 2441 ib.

1542 2480 1619 2515 vs.
1658 2470 1739 2516 39.
1775 2475 1830 2516 et
1864 2480 1986 2516 xvr.
2019 2471 2136 2517 257.
2167 2467 2377 2517 Terent.
2408 2467 2541 2517 Eun.
2566 2481 2608 2516 ι.

1541 2548 1592 2594 2.
1615 2548 1698 2593 10.
1722 2551 1777 2594 et
1801 2545 1940 2595 Stat.
1962 2545 2126 2595 Theb.
2153 2559 2227 2595 w.
2252 2549 2367 2595 810.
2400 2544 2575 2595 Arntz.

1606 2619 1925 2683 Athamanta]
1969 2621 2051 2671 Et.
2072 2620 2157 2671 hic
2197 2630 2252 2670 et
2292 2620 2429 2683 apud
2459 2621 2606 2685 Virg.

1541 2699 1817 2762 legendum
1840 2699 2046 2749 Acamas
2079 2714 2182 2751 non
2205 2698 2440 2749 Athamas
2459 2707 2607 2749 reete

1544 2776 1676 2826 vidit
1711 2776 1960 2826 Heinsius
1995 2776 2060 2826 ad
2097 2777 2277 2827 Sabin.
2310 2778 2413 2840 Ep.
2440 2791 2504 2826 ιι.
2524 2781 2610 2826 23.

1541 2852 1667 2905 Fuit
1704 2855 1792 2904 ille
1827 2855 2241 2917 Demophoontis
2273 2852 2453 2917 frater,
2485 2868 2608 2918 quo·

1543 2947 1661 2985 cum
1684 2931 1747 2982 ad
1773 2932 1961 2983 bellum
1975 2934 2255 2998 TroJanum
2273 2931 2373 2982 fuit
2396 2931 2607 2996 profec-

1544 3010 1648 3064 tus,
1663 3023 1825 3073 quare
1843 3010 1938 3059 hos
1958 3010 2086 3059 duos
2101 3009 2281 3073 jungit
2300 3011 2444 3059 Dict.
2459 3010 2608 3059 Cret.

1543 3087 1611 3136 de
1641 3079 1775 3136 B'en.
1794 3087 1938 3150 Troj.
1975 3100 2014 3135 ι.
2047 3091 2125 3136 14.
2156 3086 2476 3135 ‘Postremo
2498 3099 2607 3133 om·

1542 3163 1681 3212 nium
1707 3164 2045 3226 Demophoon
2071 3169 2225 3228 atque
2249 3162 2472 3211 Acamas
2495 3159 2610 3211 fue-

1544 3238 1638 3289 re.'
1703 3238 1858 3289 Adde
1882 3239 2162 3289 Muncker.
2185 3239 2254 3287 ad
2269 3238 2465 3301 Hygin.
2484 3234 2610 3288 Fab.

1542 3329 1701 3367 cvtu.
1747 3322 1752 3329 ’
1785 3317 1965 3368 Quare
2017 3316 2151 3364 lianc
2206 3330 2383 3364 vocem
2442 3315 2606 3365 Pierii

1541 3394 1855 3443 mictoritate
1875 3390 2115 3441 suffultus
2147 3391 2332 3439 merito
2350 3388 2409 3440 'in
2435 3392 2607 3455 Virgi-

1540 3470 1597 3519 lii
1620 3475 1924 3519 contextum
1960 3466 2168 3517 admisit
2190 3466 2528 3531 Maasvicius‚
2552 3468 2605 3518 id

1540 3545 1676 3610 quod
1699 3542 1929 3594 hocloco
1951 3543 2141 3593 imitari
2164 3544 2450 3595 maluimus.
2473 3545 2608 3599 Arn—
2687 3594 2692 3599 ,

1541 3618 1740 3672 turtius.

1603 3696 1688 3747 Aa
1726 3695 2010 3775 perfectum]
2059 3694 2198 3745 Vide
2244 3696 2376 3745 Not.
2420 3696 2610 3774 Delph.

1541 3775 1673 3828 Quae
1698 3769 1772 3824 ita
1793 3775 1954 3823 sentit
1977 3788 2041 3822 ex
2076 3773 2386 3836 conjectura
2406 3760 2609 3823 Schotti

1540 3852 1757 3915 margini
1802 3851 2062 3915 apposita,
2108 3850 2199 3899 sed
2243 3853 2307 3900 ud
2345 3851 2608 3913 perfectum

1535 3931 1803 3993 precipuus
1841 3936 1985 3977 recte
2030 3928 2218 3991 exponi
2264 3932 2456 3990 potest,
2509 3942 2608 3989 pro

1536 4006 1776 4054 ‘omuino
1799 4001 2134 4067 praecipuus,’
2167 4003 2256 4066 qui
2295 4004 2405 4051 sine
2429 4002 2607 4061 dubio,

1540 4080 1644 4131 illis
1699 4081 2035 4144 temporibus,
2099 4079 2307 4143 reliquis
2368 4080 2608 4132 omnibus

1542 4159 1763 4222 palmam
1786 4158 2116 4221 praeriperet.
2184 4157 2272 4206 Sic
2292 4155 2514 4221 August.
2538 4157 2605 4207 de

1540 4236 1657 4286 Civ.
1698 4235 1798 4285 Dei
1842 4247 1924 4283 xr.
1947 4237 2030 4283 28.
2063 4241 2077 4263 ‘
2099 4232 2211 4282 Iste
2250 4232 2481 4296 deficiat,
2502 4249 2607 4299 quo

1541 4310 1677 4362 male
1724 4311 1959 4370 vivimus,
1995 4308 2163 4361 donec
2205 4308 2270 4359 ad
2311 4308 2605 4374 perfectum
