3025 4934
505 373 641 440 846

511 533 582 582 sis
629 544 753 582 vero
788 529 1025 594 amplius,
1051 530 1260 593 periculo
1293 527 1575 591 cujusquam

507 608 742 658 insuetus.
803 608 934 657 Sane
949 608 1086 656 valde
1102 607 1315 656 timidas.
1336 605 1544 655 Scitott.

512 723 515 730 .
576 687 607 749 ᾗ
630 690 665 735 2
698 686 1035 733 (ἔπαιε-αα
1063 682 1163 746 est]
1196 683 1327 733 Cum
1361 682 1574 746 optimi·

509 763 649 813 Haa-
669 761 809 811 edidi
826 762 881 810 in
894 776 1005 810 casn
1019 760 1574 823 marciliana,-

509 853 612 888 non
648 839 701 888 in
736 853 894 887 caseus
929 840 980 887 d.
1010 838 1307 899 vilissimam,
1336 843 1396 885 ut
1420 837 1573 899 vulgo

509 916 632 966 edd.
696 916 785 966 Sic
822 916 1116 966 ‘deducere
1152 915 1205 964 in
1237 915 1337 964 Ida
1360 913 1577 964 monte'

510 992 647 1043 dixit
684 992 923 1057 Hyginus
959 993 1083 1042 Fab.
1107 1005 1246 1041 xcu.
1284 991 1372 1040 ubi
1413 993 1571 1042 tntilta

508 1069 866 1119 Munckerus:
903 1068 1086 1118 confer
1107 1083 1223 1133 quae
1262 1082 1419 1132 supra
1454 1083 1574 1131 cap.

509 1148 593 1194 83.
617 1144 855 1194 diximus.
889 1149 1060 1194 Arntz.

575 1222 714 1272 cn.
748 1234 926 1272 κινεῖ.
992 1223 1020 1285 §
1049 1226 1080 1270 2
1115 1221 1258 1283 Apud
1278 1221 1571 1282 Argentari-

508 1298 615 1362 sun]
649 1299 991 1360 Argentariam
1023 1298 1191 1361 prima
1227 1297 1571 1347 declinatione

507 1374 730 1436 legimus
757 1374 806 1422 in
831 1373 994 1437 antiq.
1031 1374 1122 1422 lib.
1156 1379 1212 1421 et
1241 1372 1377 1436 apud
1416 1373 1571 1421 Paul·

511 1451 619 1501 lum
656 1450 978 1511 monachum,
1016 1458 1072 1500 et
1095 1449 1266 1500 Anum.
1307 1449 1571 1500 Marcelli·

507 1541 631 1578 nnm
689 1528 823 1577 libro
879 1529 1142 1576 tricesimo
1187 1529 1371 1590 primo.
1412 1527 1574 1576 Vinet.

506 1603 615 1656 Hic
650 1602 777 1653 fem.
818 1618 936 1667 gen.
974 1605 1090 1652 libri
1128 1612 1353 1659 veteres,
1390 1603 1476 1664 qni
1516 1609 1574 1652 et

513 1680 763 1731 Trachiam
785 1682 1038 1741 scribunt,
1060 1681 1247 1746 partim
1275 1680 1495 1731 Traciam
1518 1689 1574 1729 et

513 1759 705 1808 ω
727 1759 981 1821 Hacque
1017 1773 1115 1808 non
1152 1757 1426 1822 geminatis
1449 1772 1571 1806 con·

508 1834 835 1887 mian-a
873 1837 1107 1898 opidu-
1125 1834 1265 1885 forte
1284 1835 1411 1883 illud
1433 1832 1571 1897 quod

507 1911 765 1977 hodieque
788 1927 975 1962 nomen
998 1913 1191 1962 retinet
1226 1912 1279 1960 iu
1313 1925 1443 1974 agra
1471 1911 1570 1958 Le·

507 1991 784 2049 movicum‚
834 1990 1104 2051 Arg-ealon.
1180 1996 1194 2018 ⁸
1216 1985 1569 2048 Argenteutn’

507 2081 710 2115 amnem
737 2067 927 2117 Gallim
968 2064 1322 2116 Narbonensis
1357 2060 1568 2113 finivium

507 2144 742 2193 celebrat
770 2144 973 2192 Plinius
996 2152 1049 2191 et
1076 2142 1152 2190 Μ.
1172 2140 1369 2190 Tullius
1394 2139 1567 2203 Epist.

505 2219 597 2268 lib.
644 2234 704 2270 x.
744 2219 986 2269 Senonas.
1057 2218 1185 2267 Mss.
1228 2218 1572 2278 Argentariam

505 2294 701 2348 faemin.
739 2294 870 2345 fine:
907 2293 1190 2357 itidemque
1229 2294 1398 2342 Amm.
1428 2295 1570 2343 Mar·

506 2371 626 2419 cell.
643 2370 1001 2430 Cassiodorus,
1024 2370 1242 2419 Hieron.
1261 2370 1326 2419 P.
1352 2370 1571 2418 Diacon-

507 2445 647 2509 Syllo.
697 2445 1041 2507 Argentariam
1064 2453 1208 2494 recte
1229 2459 1429 2508 quoque
1453 2458 1569 2493 nos·

507 2526 596 2575 tri.
664 2526 830 2575 Lectu
874 2524 1114 2588 digniora
1159 2532 1297 2583 sunt,
1340 2538 1456 2587 qnae
1501 2522 1570 2572 de

505 2603 610 2650 situ
649 2601 796 2665 hujus
832 2601 970 2650 urbis
1015 2600 1194 2652 attulit
1227 2599 1464 2648 Valesius
1502 2598 1566 2647 ad

505 2679 764 2729 Ammian.
785 2692 952 2729 xxxt-
979 2683 1060 2729 10.
1093 2684 1150 2727 et
1173 2684 1288 2740 post
1310 2691 1427 2725 enm
1450 2676 1568 2726 Cel-

505 2756 664 2805 larius
686 2750 880 2818 Geogr.
902 2755 1028 2804 Ant.
1049 2769 1112 2804 ιι.
1137 2757 1186 2801 3.
1219 2768 1269 2816 p.
1295 2758 1407 2802 182.
1442 2754 1571 2802 ‘Ar-

504 2832 790 2900 gentariam
807 2833 1054 2896 oppidum
1075 2831 1356 2883 Galliarum
1376 2829 1392 2854 ’
1414 2839 1571 2881 vocat

507 2910 731 2962 Orosius
757 2924 854 2960 vu.
878 2914 959 2960 33.
1006 2911 1253 2960 Ceterum
1279 2923 1381 2957 non
1406 2910 1569 2957 multo

504 2986 737 3037 deterius
761 2995 880 3051 post
903 2988 1166 3049 legeretur
1192 2985 1340 3034 millia
1360 2999 1451 3033 uno
1473 2983 1566 3033 bel·

502 3064 568 3112 lo.
636 3063 758 3113 Uno
780 3063 914 3111 enirn
939 3064 1118 3125 praelio
1142 3060 1195 3111 id
1218 3062 1410 3110 factum
1446 3058 1567 3108 suis-

504 3154 563 3188 se
603 3147 828 3189 constat.
892 3138 1158 3188 ‘Bellum’
1193 3152 1288 3200 pro
1332 3135 1571 3201 ‘praelio’

503 3215 612 3265 dici
635 3215 886 3280 exemplis
909 3215 1322 3264 confirmavimus
1364 3214 1429 3262 ad
1456 3215 1567 3265 Vir.

503 3291 591 3341 Ill.
623 3305 673 3341 c.
704 3296 789 3340 53.
853 3292 1023 3341 Porro
1058 3293 1210 3341 millia
1241 3290 1568 3340 desideratur

502 3367 556 3419 iu
598 3367 836 3417 omnibns
874 3368 1003 3417 meis
1042 3368 1428 3432 scriptis‚qnod
1461 3367 1569 3417 for-

502 3451 641 3494 tasse
675 3459 741 3494 ex
779 3443 1083 3507 compendio
1118 3447 1314 3494 numeri
1338 3437 1567 3495 millena·

502 3522 586 3579 rii,
610 3522 700 3585 qui
738 3535 835 3585 per
865 3537 913 3571 m
948 3522 1278 3585 exprimitur,
1312 3523 1566 3586 originem

502 3601 684 3648 traxit.
749 3599 879 3649 Cum
912 3600 1049 3649 enim
1084 3600 1363 3663 scripserat
1386 3609 1568 3650 auctor

504 3674 880 3725 Alamannorum
906 3693 951 3725 m
974 3677 1091 3726 bello
1111 3678 1366 3741 exstinxit,
1401 3679 1567 3741 stupi-

502 3752 601 3802 dus
645 3752 835 3801 deiude
875 3753 1118 3803 librarius
1162 3753 1405 3817 ignorans
1441 3754 1566 3816 quid

501 3831 599 3880 sibi
639 3831 815 3880 litte-ra
850 3845 897 3879 m
920 3832 1098 3893 vellet,
1130 3846 1195 3881 ex
1229 3847 1293 3880 eo
1330 3832 1382 3881 in
1418 3829 1568 3895 fecit,

502 3908 590 3971 qni
630 3922 777 3957 error
816 3906 986 3957 facilis
1021 3915 1077 3957 et
1110 3907 1314 3969 obvius,
1335 3915 1394 3957 nt
1418 3913 1567 3971 patet

501 3998 568 4031 ex
592 3982 668 4031 bis
689 3997 804 4048 quoe
827 3991 1062 4033 notamus
1085 3984 1149 4032 ad
1169 3984 1284 4033 Vir.
1307 3983 1391 4035 Ill.
1416 3983 1463 4035 c.
1478 3988 1564 4035 66.

499 4061 530 4124 §
574 4064 625 4110 2.
687 4060 807 4111 Scio
851 4060 1139 4111 Diaconum
1183 4059 1366 4110 eodem
1410 4055 1564 4110 modo

499 4136 730 4187 scribere
751 4152 800 4188 c.
820 4139 902 4187 80.
934 4137 951 4165 ‘
968 4138 1139 4187 Millia
1161 4138 1563 4188 Alamannorum

498 4212 555 4262 iu
579 4205 758 4276 praelio
783 4211 1099 4264 interfecta?
1166 4213 1267 4262 Sed
1298 4217 1469 4277 potuit
1506 4222 1563 4265 et

498 4288 588 4338 ille
624 4288 675 4337 in
715 4298 1014 4356 corruptum
1047 4289 1279 4343 codicem
1314 4291 1563 4343 incidere.

500 4362 676 4415 Amlz.

1205 384 1425 435 ttn'rss
1471 382 1818 433 Valuoltu
1833 384 1882 431 Μ
1932 384 2016 436 RN

1714 527 1796 591 §⁸
1834 526 2057 591 Taifalis]
2087 524 2250 580 Quid.
2264 526 2384 578 cod.
2421 523 2713 592 mulis,

1647 608 1705 652 at
1721 618 1822 653 non
1844 605 1972 654 item
1985 604 2194 667 Suidas,
2214 604 2354 667 apud
2372 620 2524 667 quem
2544 607 2713 667 prima

1650 681 1800 730 tenui
1831 681 2030 744 legitur
2055 679 2314 742 retonans.
2346 680 2482 745 Sylb.
2546 680 2714 740 Taile-

1646 757 1799 819 linae
1839 772 1932 807 seu
1979 758 2311 822 Taiphels'sqae
2340 772 2521 807 omnes
2556 773 2714 807 manu

1647 834 1872 893 exarati,
1888 848 2104 898 quorum
2118 835 2227 897 jam
2252 834 2349 884 sub
2362 835 2592 898 Trajano
2607 850 2713 883 me-

1646 914 1799 966 minit
1832 914 2114 977 Eutropius
2137 927 2264 963 vm.
2295 918 2346 963 2.
2410 912 2713 976 conjuncti-

1648 1004 1764 1038 vam
1801 989 2111 1054 particulam
2146 989 2429 1053 adjecimus
2458 1003 2524 1036 ex
2547 991 2714 1051 scrip-

1647 1069 1711 1116 tis
1749 1075 1805 1118 et
1840 1066 1960 1118 edd.
1991 1082 2106 1131 sup.
2125 1081 2173 1117 c.
2198 1072 2279 1116 15.
2313 1068 2415 1130 §Q
2446 1066 2462 1093 ⁸
2482 1066 2713 1129 Regibus

1646 1144 2050 1207 nationibusque
2072 1150 2124 1191 et
2151 1140 2396 1204 populis.’
2440 1156 2488 1190 c.
2509 1147 2594 1192 42.
2615 1144 2645 1206 §
2660 1147 2711 1193 6.

1644 1224 1661 1247 ⁶
1682 1220 1915 1268 Vulnere
1936 1218 2247 1283 naribusque
2267 1227 2323 1268 et
2357 1232 2449 1267 ore
2473 1233 2711 1286 cruorem

1644 1295 1954 1345 effundens!
1989 1297 2019 1359 ξ
2042 1300 2124 1347 18.
2159 1299 2175 1325 ‘
2196 1295 2241 1344 A
2264 1295 2385 1345 cibo
2409 1296 2634 1356 vinoque
2655 1303 2714 1345 et

1646 1391 1825 1426 somno
1870 1376 2087 1425 multum
2133 1374 2470 1436 temperans.’
2538 1374 2708 1425 Multa

1645 1466 1801 1513 supra
1824 1450 1891 1500 ad
1923 1466 1970 1499 c.
1993 1457 2042 1500 8.
2082 1453 2112 1514 ᾗ
2131 1458 2181 1506 4.
2237 1452 2455 1513 Degenti
2488 1459 2708 1515 uterque

1645 1529 1796 1577 Leid.
1830 1531 2005 1579 Arntz.

1711 1603 1934 1666 Hunnis]
1977 1605 2102 1655 Unis
2125 1604 2271 1654 Leid.
2291 1608 2341 1653 2.
2374 1603 2542 1653 Hunis
2562 1603 2707 1653 Leid.

1645 1682 1806 1745 prior.
1876 1683 1990 1731 Nec
2007 1680 2428 1730 honorificentius
2448 1681 2525 1729 his
2548 1694 2709 1743 popu·

1645 1759 1707 1807 lis
1754 1758 2103 1807 testimonium
2144 1758 2356 1807 exbibet
2392 1757 2708 1807 Clandianus

1643 1836 1698 1884 in
1725 1834 1899 1884 Rufin.
1921 1849 1987 1883 ιι.
2009 1838 2125 1884 270.
2171 1835 2307 1885 ‘Qui
2342 1849 2438 1883 nos
2470 1842 2564 1883 aut
2600 1841 2707 1882 tur-

1644 1912 1796 1975 pibus
1817 1912 2025 1960 Hunnis
2048 1908 2159 1959 Aut
2193 1910 2452 1972 inpacatis
2486 1907 2707 1957 famulos

1643 1989 1913 2051 prestabit
1956 1985 2171 2035 Alanis?
2236 1986 2440 2035 Seneca
2491 1985 2707 2048 Thyest-

1642 2081 1719 2117 vs.
1739 2070 1854 2117 629.
1885 2073 1900 2093 ‘
1919 2065 2005 2114 An
2038 2062 2162 2113 feris
2198 2062 2339 2112 Ister
2357 2061 2535 2127 fugam
2560 2062 2707 2111 Pra-

1643 2142 1772 2193 bens
1810 2139 2030 2191 Alanis.’
2098 2140 2368 2189 Nonnulla
2405 2141 2505 2189 buc
2548 2142 2704 2202 perti-

1640 2223 1823 2272 nentia
1846 2222 2107 2271 Freberus
2126 2220 2191 2269 ad
2205 2219 2491 2270 Ausonium
2515 2220 2706 2270 Mosel—

1641 2299 1695 2349 la
1716 2314 1791 2347 vs.
1809 2303 1859 2348 9.
1882 2306 1938 2347 et
1962 2296 2213 2347 Bartbius
2250 2296 2317 2346 ad
2353 2297 2624 2347 claudian.
2652 2298 2703 2346 in

1644 2372 1771 2424 Rus.
1795 2388 1836 2422 ι.
1856 2377 1970 2423 321.
2006 2374 2179 2423 Arntz.

1710 2452 1787 2514 §4
1826 2451 2187 2499 controversias
2205 2449 2470 2513 rhetorum]
2503 2450 2705 2498 Contro-

1641 2540 1781 2590 oersu
1836 2526 2078 2584 rhetorum,
2121 2526 2457 2585 Veronensis,
2508 2525 2709 2589 Cujacii

1643 2603 1748 2652 Ma.
1790 2611 1845 2652 et
1890 2603 2079 2652 Pitboei
2103 2618 2117 2651 ε
2154 2602 2297 2667 cujus
2340 2604 2501 2652 etiam
2544 2618 2705 2665 opera

1645 2683 1981 2735 Quinctiliani
2007 2682 2430 2732 Declamationes
2454 2696 2547 2732 sen
2570 2682 2703 2731 Con·

1645 2757 1915 2808 troversioe
1938 2758 2241 2821 propediem
2265 2758 2315 2806 in
2339 2758 2599 2821 integrum
2625 2773 2703 2804 re·

1643 2835 1987 2889 stilum-‚Deo
2002 2831 2230 2895 favente,
2245 2835 2589 2896 apparebunt,
2603 2849 2702 2883 una

1643 2925 1759 2960 cum
1803 2911 2047 2961 Salviano
2095 2910 2409 2959 Massiliensi
2458 2911 2702 2973 episcopo

1643 2991 1812 3037 altera
1836 2996 1985 3050 parte
2006 2987 2286 3050 ampliore:
2322 2987 2397 3035 sic
2430 2988 2566 3036 euim
2589 2989 2705 3037 bor·

1644 3073 1790 3113 tante
1816 3079 1895 3112 me
1924 3062 2001 3112 vir
2028 3064 2419 3113 humanissimus
2452 3065 2610 3129 juxta
2643 3079 2703 3116 ac

1642 3135 1967 3190 doctissimus
1990 3139 2248 3189 facturum
2270 3141 2492 3205 recepit.
2535 3142 2701 3193 Quam

1642 3220 1803 3269 etiam
1826 3231 1971 3279 spem
1996 3217 2140 3265 nobis
2164 3216 2295 3267 fecit
2328 3218 2600 3268 Puteanus
2625 3218 2702 3270 fo·

1641 3309 1720 3359 re,
1741 3305 1799 3345 ut
1822 3310 1937 3344 cum
1962 3295 2092 3344 Mss.
2115 3295 2348 3359 plurimis
2378 3304 2703 3361 comparatos

1644 3373 1998 3435 Panegyricos
2041 3371 2188 3421 brevi
2232 3372 2285 3421 in
2327 3374 2516 3436 vulgus
2561 3375 2701 3424 exire

1642 3450 1889 3513 patiatur.
1957 3448 2094 3497 Nam
2117 3463 2231 3512 quae
2256 3448 2475 3504 Senecas
2499 3451 2702 3500 nomine

1640 3523 2073 3574 circumferuntur
2089 3525 2475 3575 Controversiae
2494 3541 2583 3575 seu
2602 3526 2700 3574 De-

1641 3602 1996 3659 clamationes‚
2009 3607 2067 3649 ut
2087 3614 2345 3662 germanas
2364 3601 2579 3650 Senecae
2596 3603 2702 3652 Ne-

1642 3678 1842 3729 roniani
1880 3679 1987 3727 siut
2010 3690 2221 3737 vereor;
2253 3678 2419 3741 patris
2448 3679 2621 3742 potius
2644 3679 2700 3727 il-

1641 3758 1739 3806 lius
1763 3769 1877 3804 esse
1900 3754 2093 3806 credo:
2126 3754 2224 3803 boc
2247 3754 2387 3804 volui
2411 3756 2613 3806 nescius
2635 3768 2698 3804 ne

1640 3846 1799 3882 esses.
1834 3830 2023 3881 Schott.

1707 3909 1877 3960 Ferire
1914 3908 2069 3972 perite
2108 3906 2200 3956 sibi
2238 3906 2502 3970 destinata]
2538 3907 2698 3958 Per-ite

1638 3986 1762 4036 sibi.-
1795 3986 1962 4035 locum
1986 3985 2142 4046 hunc,
2160 3992 2216 4034 ut
2240 3984 2415 4047 opinio
2436 3997 2554 4034 mea
2577 3983 2694 4047 fert,

1639 4063 1892 4125 glossema
1907 4060 2006 4110 hoc
2021 4059 2267 4121 foedavit;
2299 4060 2350 4108 in
2372 4060 2589 4111 insulam
2607 4061 2694 4124 igi-

1638 4147 1727 4189 tur
1746 4138 2073 4203 deportetur.
2137 4136 2292 4187 Afuit
2312 4145 2457 4188 certe
2479 4153 2512 4188 a
2533 4140 2692 4192 Veroe

1638 4215 1804 4278 nensi,
1822 4217 2012 4266 nedum
2035 4229 2068 4264 a
2090 4215 2220 4265 Mss.
2238 4215 2495 4265 omnibus.
2516 4215 2693 4266 Scitote.

1637 4292 1807 4343 Recte
1861 4292 2129 4343 damnavit
2183 4292 2263 4342 vir
2313 4291 2690 4346 laudatissimus

1637 4369 1906 4433 glossema,
1958 4367 2099 4435 quod
2173 4367 2452 4442 repudiant
2524 4382 2692 4422 omues
