3025 4934
502 386 637 455 698

504 544 769 609 technis,
825 544 1189 611 Bacchidibus,
1241 546 1566 598 Trinummo.

505 623 577 676 Et
599 622 824 671 Terentii
863 624 1176 673 Phormione
1221 632 1276 674 81
1321 625 1568 689 Hecyra:

506 703 524 728 ‘
541 699 711 749 Quam
732 698 1027 750 fortunatus
1049 700 1254 749 caeteris
1275 701 1369 750 sim
1394 702 1570 756 rebus,

503 774 702 839 absque
727 789 827 824 una
850 775 963 828 haee
983 774 1161 826 foret!
1183 776 1373 827 Schott.
1438 778 1569 827 Vult

506 849 861 901 dicere-fuisse
873 850 1266 902 fortunatiorem
1280 854 1569 919 principem

505 944 664 993 qnam
707 940 909 994 patrem
932 940 1022 982 aut
1045 933 1285 983 maritum
1308 950 1321 984 :
1358 934 1490 983 adeo
1511 938 1572 985 ut

506 1003 575 1054 de
594 1021 655 1056 eo
681 1007 1022 1073 intelligenda
1052 1009 1268 1059 veniant*
1290 1010 1387 1058 ista
1410 1010 1572 1059 Plinii

505 1083 841 1152 Panegyrico
887 1087 952 1136 ad
1004 1089 1289 1151 Trajanum
1332 1103 1452 1152 cap.
1485 1093 1571 1139 88.

508 1160 524 1192 ⁴
539 1161 740 1212 Multos
763 1163 989 1213 illustres
1011 1163 1154 1213 foris*
1170 1166 1337 1214 claros
1370 1164 1571 1215 domes-

506 1237 612 1286 tica
635 1237 941 1289 destruebat
962 1237 1208 1300 infamia3
1240 1250 1295 1290 81
1320 1256 1385 1290 118
1410 1242 1571 1291 maxi-

507 1314 581 1363 mi
636 1316 936 1378 viderentur
974 1317 1075 1365 1188
1131 1315 1398 1367 efficiebat
1431 1318 1568 1383 quod

504 1391 678 1440 mariti
702 1391 923 1440 minores
955 1391 1143 1442 erant?
1208 1394 1295 1443 De
1338 1394 1435 1442 bac
1475 1393 1568 1444 do-

507 1467 728 1516 mestica
744 1465 1071 1527 infelicitate,
1093 1467 1317 1518 diximus
1335 1469 1484 1530 plura
1504 1469 1569 1517 ad

508 1543 637 1593 illud
684 1543 892 1592 Taciti:
930 1544 1042 1594 ‘Ut
1077 1544 1248 1593 valida
1287 1545 1423 1593 Divo
1464 1545 1570 1595 Au.

508 1618 757 1683 gustofiu
797 1618 1168 1681 rempublicam
1210 1619 1439 1683 fortuna,
1494 1622 1572 1672 ita

504 1695 646 1744 domi
669 1694 992 1758 improspera
1016 1694 1135 1758 fnit,
1167 1695 1234 1744 ob
1255 1696 1572 1759 impudiciti-

503 1785 584 1822 am
608 1769 730 1821 tiliae
753 1786 816 1821 ac
830 1770 1044 1836 neptis,'
1060 1773 1161 1822 &c.
1177 1771 1367 1823 Annal.
1384 1777 1571 1824 111.24.

508 1848 663 1897 Grat.
903 1857 912 1866 ‘

566 1923 759 1987 Jaaaei]
826 1925 1088 1986 Expresse
1142 1925 1414 1988 scriptum,
1471 1925 1569 1975 sed

506 1997 641 2049 1181111
684 1998 843 2048 dubie
884 2000 999 2049 111111
1048 2001 1343 2064 legendum.
1419 2000 1568 2050 Idem

423 2120 425 2123 ,
506 2075 752 2124 mendum
797 2075 1066 2126 insederat
1095 2078 1147 2124 in
1181 2076 1415 2125 Victoris
1463 2075 1571 2126 Au·

504 2158 658 2217 gusto
712 2167 872 2215 supra
905 2153 1058 2205 ,iuter
1106 2153 1349 2203 Illustres
1395 2155 1568 2204 Viros.

504 2228 696 2277 Schott.
762 2229 877 2276 Indi
913 2229 997 2277 bic
1038 2243 1133 2291 pro
1169 2229 1339 2277 «111άωί
1375 2230 1572 2280 habent

509 2304 738 2352 unanimi
775 2318 1025 2351 consensu
1077 2305 1263 2353 Florus
1302 2318 1381 2354 tv.
1403 2310 1483 2355 12.
1517 2314 1573 2356 ct

506 2380 784 2432 Suetonius
800 2379 851 2427 111
871 2379 1004 2443 Aug.
1030 2395 1075 2428 c.
1088 2385 1170 2429 21.
1197 2382 1335 2446 Syn».
1405 2382 1572 2432 Hora·

505 2456 610 2506 tius
634 2456 810 2506 Carm.
829 2453 948 2506 Sec.
968 2463 1051 2506 55.
1082 2459 1233 2508 ‘Jam
1260 2460 1573 2523 Scythae-re-

503 2545 692 2596 sponsa
711 2535 1130 2597 petunt‚superbi
1148 2536 1333 2599 Nuper
1346 2544 1401 2585 et
1418 2535 1575 2586 Indi!

504 2609 659 2659 Adde
684 2610 787 2659 Od.
810 2625 847 2660 1.
873 2616 951 2661 12.
975 2616 1055 2660 56.
1074 2612 1231 2661 Oros.
1255 2617 1431 2662 vum.
1447 2614 1462 2641 ⁸
1484 2614 1573 2663 In·

504 2692 650 2735 terea
700 2688 969 2736 Caesarem
1017 2689 1173 2750 legati
1218 2688 1467 2738 Indorum
1518 2696 1574 2739 et

506 2763 835 2827 Scytharum,
856 2771 967 2814 toto
982 2766 1109 2814 orbe
1125 2767 1444 2822 transmisso,
1460 2773 1573 2816 tan·

506 2839 630 2888 dem
657 2840 729 2888 ibi
757 2840 1100 2889 invenerunt?
1161 2843 1353 2891 Strabo
1378 2844 1573 2907 Geogr.

514 2929 614 2969 ιν.
638 2922 784 2969 1006.
808 2929 861 2968 81
882 2924 1029 2970 1047.
1086 2920 1251 2970 Rufus
1269 2923 1320 2971 in
1334 2924 1573 2977 Breviar.

507 3008 557 3045 c.
583 2998 664 3044 19.
687 2997 898 3061 aliique.
932 2998 1109 3047 Arntz.

576 3075 925 3139 Garamantes]
963 3077 1047 3124 De
1074 3076 1408 3128 Garamantis
1433 3080 1572 3142 apud

505 3150 856 3213 Tranquillum
895 3166 1032 3213 pax:
1071 3168 1164 3202 eos
1198 3154 1258 3204 L.-
1294 3155 1574 3209 Ann.·Flo·

508 3239 617 3287 rus,
655 3226 766 3274 sive
811 3227 855 3273 is
888 3227 1083 3276 Seneca
1127 3235 1227 3285 est,
1263 3231 1342 3279 M.
1372 3233 1573 3283 Durnio

509 3305 827 3369 subigendos
860 3307 1009 3354 datos
1044 3319 1164 3355 esse
1196 3309 1396 3359 scribit.
1484 3314 1572 3362 De

506 3382 717 3431 Bactris
745 3396 892 3445 reque
912 3382 1074 3432 altum
1098 3383 1376 3437 silentium.
1401 3385 1573 3438 Schot-

508 3464 605 3508 tus.
789 3481 797 3489 ·
1005 3477 1010 3485 ’
1161 3481 1164 3484 ·

515 3539 524 3548 ’
575 3534 710 3583 Car.
733 3548 799 3583 11.
822 3537 849 3598 §
874 3537 900 3582 l
930 3535 1159 3585 Claudius
1181 3537 1395 3589 Tiberius
1420 3541 1575 3605 Nero]

508 3610 576 3659 In
613 3611 904 3660 nominibus
939 3612 1053 3662 istis
1094 3614 1324 3665 Claudius
1361 3618 1578 3669 Tiberius

510 3688 643 3737 Nero
667 3689 999 3751 ‘anastrophe
1034 3699 1130 3739 'est
1188 3691 1328 3742 iufra
1370 3709 1576 3759 quoque

506 3767 731 3814 882.·24.
752 3766 980 3828 itemque
1005 3780 1160 3828 supra
1179 3771 1295 3817 493.
1312 3773 1397 3820 44.
1428 3778 1445 3800 ‘
1463 3771 1576 3821 Me-

507 3840 687 3889 nenius
708 3838 943 3904 Agrippa
966 3842 1195 3892 Lanatus
1212 3843 1247 3893 τ’
1282 3854 1337 3894 81
1359 3850 1476 3896 492.
1498 3852 1579 3898 12.

508 3916 856 3981 ‘Tarquinius
878 3919 1069 3967 Sextus
1084 3918 1115 3968 ε’
1137 3928 1193 3969 et
1210 3924 1294 3970 60.
1310 3926 1389 3972 17.
1404 3938 1471 3972 ex
1491 3921 1580 3973 Li·-

509 3992 611 4051 vio,
635 3999 652 4023 ‘
669 3993 895 4041 Manlius
912 3994 1136 4044 Onasus-⁹
1181 3996 1421 4061 Itemque
1440 4000 1575 4062 apud

506 4069 703 4120 Julium
730 4070 1078 4133 Capitolinum
1103 4070 1183 4121 bis
1210 4081 1357 4123 terve
1379 4076 1395 4103 ‘
1417 4074 1576 4125 Anto-

508 4148 657 4195 ninus
686 4146 932 4198 Marcus.’
997 4148 1060 4197 In
1093 4148 1172 4197 his
1208 4150 1342 4198 enim
1379 4165 1578 4213 praeno·

508 4221 650 4272 1111118
662 4222 917 4284 Tiberius,
933 4224 1186 4287 Agrippa,
1202 4225 1412 4288 Sextus,
1428 4228 1579 4278 Cnae·

511 4307 591 4353 us,
620 4298 831 4349 Marcus
866 4305 1066 4351 naturas
1099 4300 1281 4352 ordine
1313 4302 1579 4358 debebant

1193 403 1413 454 NO'PAE
1460 403 1562 453 VA
1574 403 1872 454 Momm
1923 405 2009 454 nt

1643 546 1963 610 precedere.
1999 547 2135 613 Sylb.
2202 546 2356 598 Adde
2379 548 2616 600 Gronov.
2642 547 2712 599 ad

1642 624 1827 674 881188.
1850 625 2020 687 Epist.
2044 639 2135 675 11..
2162 632 2218 674 81
2253 625 2453 675 Duker.
2488 625 2553 675 ad
2591 625 2713 675 Flo·

1643 713 1755 757 rum
1780 702 2017 763 111.21.§
2043 703 2123 749 18.
2156 701 2332 751 Arata.

1647 811 1655 818 .
1709 775 1830 829 Qnoe
1859 774 2211 836 metuebantur]
2251 776 2268 804 ‘
2290 775 2420 825 (311111
2455 782 2715 824 cunctan-

1642 848 1696 898 di
1724 850 1939 901 Tiberio
1965 851 2181 900 canssa'
2210 851 2356 916 (sunt
2379 852 2541 900 verba
2563 852 2717 906 Suet.

1642 926 1758 976 Tib.
1776 941 1823 976 c.
1839 927 1949 990 26.)
1971 936 1985 967 ³
2003 927 2163 978 fuerit
2178 936 2349 978 metus
2368 928 2599 990 undique
2620 927 2715 976 im·

1644 1004 1942 1053 minentium
1963 1006 2314 1055 discriminum
2329 1004 2363 1066 ς’
2396 1006 2571 1053 malim
2589 1005 2717 1054 scri-

1644 1079 1770 1129 bere
1804 1081 2038 1131 nsetssebot
2070 1087 2202 1138 ante,
2228 1082 2367 1139 sutis,
2392 1083 2477 1143 &c-
2508 1081 2602 1139 sed
2640 1090 2719 1129 ta-

1645 1171 1765 1206 men
1785 1166 1840 1208 ct
1864 1168 2078 1224 recepta
2098 1167 2275 1223 potest
2296 1174 2353 1208 se
2385 1157 2548 1208 tueri.
2580 1156 2719 1207 Ara·

1646 1235 1850 1284 tzenius.

1707 1311 2033 1373 Cuiusnam
2045 1316 2153 1360 88111
2161 1310 2428 1373 obtinebat]
2442 1309 2532 1358 Ita
2545 1308 2719 1371 serip-

1645 1395 1755 1438 tum
1789 1394 1925 1444 8181,
1954 1387 2045 1436 sed
2082 1386 2438 1436 recentissima
2466 1399 2632 1433 manu
2666 1385 2720 1434 in

1643 1463 1875 1513 abnuebat
1910 1470 2185 1522 mutatum,
2214 1460 2353 1511 forte
2387 1475 2454 1510 ex
2488 1461 2721 1510 auctori-

1646 1547 1758 1589 tate
1780 1538 1957 1588 formis
1977 1540 2254 1588 editorum.
2319 1538 2374 1589 J,
2399 1537 2642 1586 olivario
2663 1537 2719 1587 J.

1646 1618 1707 1668 C.
1728 1633 1831 1667 non
1848 1617 2162 1681 displicebat
2181 1618 2443 1680 antiquam
2464 1617 2608 1665 illam
2629 1632 2721 1667 vo·

1644 1712 1757 1747 cem
1777 1698 2008 1755 retineri,
2025 1711 2142 1744 nam
2161 1696 2178 1724 ‘
2195 1693 2469 1753 obtinere,’
2484 1701 2546 1744 ut
2559 1696 2577 1723 ‘
2597 1708 2721 1758 per-

1646 1774 1813 1825 tinere
1830 1773 1866 1836 ;’
1901 1773 2035 1822 unde
2055 1775 2072 1801 ⁴
2090 1770 2417 1828 obstinatusf’
2440 1778 2495 1819 et
2515 1778 2532 1799 ‘
2551 1773 2722 1835 perti·

1643 1849 1780 1900 118113
1820 1851 2006 1900 Schen-
2080 1847 2337 1898 'Obtinebat
2369 1848 2564 1897 veteris
2596 1848 2724 1898 libri

1644 1928 1907 1991 scriptura
1924 1932 2023 1987 881,
2040 1928 2130 1974 sed
2154 1925 2425 1974 recentiori
2446 1938 2606 1973 mann
2625 1939 2723 1988 pro

1645 2018 1708 2053 ea
1723 2004 2004 2068 repositum
2022 2002 2270 2059 abnuebat,
2288 2009 2344 2051 ut
2363 2000 2501 2050 infra
2518 2002 2569 2049 in
2590 2001 2725 2064 Epi·

1647 2088 1786 2132 tome
1809 2095 1858 2129 c.
1875 2081 1926 2129 2.
1947 2083 1975 2145 §
1997 2084 2047 2129 0.
2070 2086 2126 2127 81
2148 2079 2285 2143 apud
2312 2080 2532 2128 Sueton-
2555 2078 2612 2126 in
2635 2079 2723 2129 Ti-

1646 2157 1791 2207 berio
1825 2172 1873 2207 c.
1903 2161 1985 2207 24.
2021 2157 2252 2221 Sylbarg.
2318 2156 2426 2204 Aut
2457 2168 2725 2217 reponen-

1647 2234 1767 2282 dum
1799 2233 2052 2292 abnuebat,
2081 2232 2512 2297 quemadmodum
2545 2238 2723 2283 restat

1646 2309 1699 2357 in
1725 2310 1887 2358 altera
1910 2309 2155 2372 Epitoma
2177 2307 2313 2357 infra
2330 2310 2505 2370 capite
2530 2322 2723 2358 secun·

1648 2386 1735 2448 do,
1753 2394 1843 2436 aut
1863 2385 2246 2436 rescribendum
2263 2385 2397 2445 cnjus
2412 2386 2728 2436 nominemus

1645 2462 1941 2512 abstinebat.-
1975 2476 2090 2526 quae
2121 2463 2239 2511 heic
2275 2462 2405 2511 dicit
2431 2462 2723 2528 olivarius,

1646 2539 1858 2588 auribus
1882 2539 2011 2587 meis
2035 2538 2233 2600 lapides
2256 2545 2397 2588 sunt.
2434 2538 2585 2587 Grut.

1712 2615 1870 2664 Bonis
1905 2616 2065 2664 initiis
2099 2615 2224 2662 idem
2255 2614 2574 2678 perniciosus]
2624 2616 2725 2665 Su-

1648 2691 1890 2753 spicabar
1936 2690 2213 2754 aliquando
2261 2690 2538 2753 legendum
2584 2691 2726 2742 bonis

1647 2769 1825 2830 initiis,
1839 2769 1946 2834 fine
1971 2769 2297 2832 perniciosum
2329 2776 2386 2817 ut
2415 2769 2540 2817 velit
2568 2782 2723 2833 egre-

1649 2846 1786 2908 gium
1809 2847 1921 2894 vita
1945 2845 2185 2909 famaque
2209 2845 2409 2908 imperii
2436 2846 2726 2911 principio,

1647 2921 1740 2970 sed
1772 2927 2037 2985 postremo
2067 2921 2119 2967 in
2144 2920 2339 2969 scelera
2371 2934 2432 2969 ac
2455 2920 2727 2971 dedecora
2758 2970 2763 2976 ,

1650 2999 1982 3062 prorupisse3
2014 2996 2449 3060 quemadmodum
2471 2996 2540 3045 de
2562 3011 2630 3046 eo
2649 2998 2726 3047 lo-

1651 3079 1823 3140 quitur
1843 3076 2059 3125 Tacitus
2086 3073 2272 3124 Annal.
2287 3088 2366 3124 vt.
2384 3089 2432 3124 c.
2449 3079 2532 3124 51.
2568 3077 2723 3126 Grut-

1650 3155 1834 3204 Cicero
1857 3154 1907 3201 in
1931 3153 2098 3201 Bruto
2118 3166 2164 3200 c.
2185 3154 2270 3200 34.
2299 3156 2316 3179 ‘
2335 3151 2395 3200 L.
2419 3150 2607 3200 Bestia
2629 3152 2722 3202 bo·

1649 3230 1729 3279 nis
1752 3229 1915 3278 initiis
1931 3242 2078 3277 orsus
2098 3227 2412 3287 tribunatus,
2429 3226 2614 3276 tristes
2631 3243 2723 3278 ex-

1648 3306 1753 3354 itus
1787 3302 1971 3352 babuit
1995 3302 2291 3351 consulatus
2309 3300 2344 3350 τ’
2375 3307 2430 3348 81
2451 3301 2603 3365 Sulp»
2626 3303 2721 3354 Se·

1650 3395 1803 3430 verns
1837 3378 1978 3427 Hist.
2000 3378 2146 3427 Sacr.
2177 3390 2240 3426 rr.
2276 3380 2361 3427 44.
2395 3377 2524 3440 fine,
2555 3379 2572 3405 ⁴
2600 3377 2720 3429 Hoc

1652 3471 1777 3506 vero
1798 3456 1952 3504 modo
1976 3454 2250 3505 concilium
2277 3453 2562 3517 dimissum,
2579 3454 2722 3505 bono

1650 3535 1802 3584 initio
1823 3530 1963 3581 foedo
1994 3533 2142 3580 exitu
2166 3537 2248 3580 est
2270 3532 2722 3582 consummatum.’

1650 3611 1822 3662 Arutz.

1653 3713 1659 3721 ·
1715 3690 1743 3752 ξ
1765 3693 1797 3737 2
1821 3683 2014 3754 11111188]
2045 3683 2302 3735 Quoniam
2318 3683 2398 3738 bis
2415 3684 2722 3747 repetitum,

1654 3764 1961 3814 alterutrum
1995 3760 2299 3815 tollendum,
2322 3760 2405 3809 vel
2439 3760 2581 3810 forte
2603 3764 2722 3813 edes

1650 3846 1904 3890 execratur
1924 3837 2218 3902 legendum.
2260 3837 2483 3887 -Victori
2503 3853 2626 3888 vero
2645 3839 2720 3888 fa-

1652 3919 1853 3967 miliare
1867 3916 2018 3965 81111118
2034 3929 2127 3977 pro
2140 3913 2320 3976 adhoc,
2333 3922 2389 3963 ut
2403 3915 2529 3964 1111111
2545 3930 2719 3979 aeque:

1653 3994 1790 4061 quod
1806 4006 2016 4042 monere
2031 3992 2249 4054 placuit,
2266 4004 2331 4039 ne
2347 3991 2458 4054 quis
2468 3998 2562 4064 ant
2576 3991 2720 4040 dam·

1651 4081 1746 4121 net
1783 4082 2028 4135 tanquam
2066 4067 2387 4133 infrequens,
2422 4075 2514 4117 aut
2557 4067 2716 4118 veluti

1652 4146 1895 4197 mendum
1930 4151 2116 4193 mutet.
2166 4143 2411 4193 8811811118.
2498 4144 2712 4194 Fatuum

1652 4237 1767 4273 esse
1792 4221 2009 4271 alterum
2032 4234 2097 4269 ex
2120 4220 2198 4268 1118
2217 4218 2422 4269 duobus
2442 4221 2715 4283 adituque·

1646 4315 1735 4353 >mo
1753 4313 1854 4351 non
1871 4296 2032 4347 videt.
2079 4296 2211 4361 Ego,
2228 4309 2345 4346 cum
2365 4301 2472 4347 tam
2489 4296 2710 4363 abrupte
