3025 4934
667 396 950 454 Auum..
996 402 1195 451 vm'r.
1244 401 1655 465 EPl'roMssN,
1704 403 1870 452 cAP.
1919 395 2143 451 xum.

301 563 410 613 cap.
431 547 508 600 1⁵.
529 550 557 612 §
580 549 632 598 9.
651 548 668 577 ‘
683 547 1116 613 Philosophorum
1136 548 1346 598 obstan-

298 628 419 675 tium
442 626 489 675 vi
517 622 1043 687 circumfunderetur,
1066 638 1134 674 ne
1168 638 1225 674 se
1259 638 1349 674 cx·

297 702 542 766 peditioni
566 710 654 751 aut
680 715 863 765 pugna
895 700 1040 765 prius
1058 700 1348 750 committe-

296 789 391 839 ret,
410 793 561 845 quam
591 787 846 828 sectarum
876 777 1036 827 ardua
1063 784 1120 828 et
1141 778 1349 826 occulta

295 854 705 919 exploravisset?
770 855 886 904 Nec
921 854 1102 917 majori
1126 854 1348 902 auctori-

294 938 400 982 tate
431 932 617 996 rejecit
644 931 723 980 vir
744 930 1073 980 doctissimus
1103 943 1243 994 ququo
1262 944 1347 978 cn·

291 1008 423 1066 lidus,
446 1006 612 1075 (quod
653 1013 939 1068 occuparat
979 1019 1157 1055 omues
1192 1012 1348 1054 antes

293 1084 412 1134 edd.
428 1093 485 1134 et
509 1080 662 1148 Mes.)
682 1084 831 1149 quasi
864 1082 1183 1145 incognitum
1206 1089 1348 1131 esset

293 1169 407 1224 post
425 1160 841 1224 comparativum
862 1159 1010 1224 sequi
1035 1159 1344 1222 positivnuu

290 1238 409 1286 talia
449 1237 691 1300 exempla
732 1236 967 1285 iuvenies
1009 1235 1148 1298 apud
1188 1234 1240 1286 J.
1284 1234 1344 1284 F.

289 1310 604 1362 Gronovium
641 1311 704 1360 ad
738 1311 943 1361 Livium
967 1325 1008 1362 1.
1032 1315 1196 1362 26.›et
1217 1311 1340 1361 Cor·

289 1389 410 1439 tium
449 1390 516 1440 ad
554 1390 767 1440 Sallust.
803 1388 932 1453 δας.
968 1403 1085 1453 cap.
1120 1393 1202 1439 16.
1235 1390 1265 1453 §
1293 1394 1344 1437 5.

289 1467 459 1517 Arius.

348 1547 446 1596 Sed
461 1544 760 1610 brevisfuit]
784 1544 1046 1596 Ridicule=
1069 1545 1185 1595 hnc
1203 1545 1342 1595 enim

289 1622 350 1672 ed
373 1637 565 1687 corpus
588 1621 864 1672 referenda
885 1628 1142 1687 sunt,non
1166 1622 1231 1671 ad
1256 1637 1344 1672 an·

285 1713 375 1750 nos
409 1700 635 1765 inperii;
679 1700 799 1750 hinc
835 1698 1074 1751 Julianus
1109 1699 1126 1726 ‘
1150 1698 1344 1748 medio·

284 1781 382 1829 cris
405 1787 623 1830 stature
641 1779 657 1802 '
688 1780 884 1830 dicitur
907 1779 1178 1828 Ammiano
1202 1792 1345 1829 xxv.

282 1858 331 1903 4.
369 1858 458 1906 ubi
504 1856 766 1906 Valesius.
832 1855 993 1905 ovid.
1028 1854 1145 1904 Am.
1172 1856 1256 1905 El.
1276 1869 1343 1906 n.

280 1936 328 1982 «t.
344 1938 424 1984 8⁵.
448 1940 464 1964 ‘
485 1934 621 1984 Haec
643 1933 829 1983 babilis
850 1933 1107 1983 brevitate
1130 1947 1220 1981 sua
1244 1940 1344 1996 est,

281 2024 585 2073 corrumpor
598 2021 813 2076 utraque
832 2026 846 2059 z
871 2010 1201 2061 Conveniunt
1220 2018 1344 2060 voto

280 2087 429 2151 longa
471 2088 750 2152 brevisque
787 2086 952 2137 meo-³
1020 2088 1091 2137 Et
1116 2087 1233 2136 Art.
1257 2100 1343 2137 tn.

279 2167 392 2215 26³.
417 2166 512 2215 ‘Si
553 2165 727 2215 brevis
764 2178 842 2225 es,
875 2163 1076 2221 sedeas,
1101 2179 1166 2213 ne
1200 2174 1344 2215 stans

281 2241 488 2290 videare
522 2240 740 2291 sedere.’
807 2240 1042 2291 Martini.
1072 2242 1254 2306 Epigr.
1277 2255 1369 2291 ιι.1

279 2322 358 2368 77.
391 2320 499 2367 ‘Et
542 2333 758 2383 puerum
797 2318 946 2369 Bruti
989 2318 1182 2368 dixeris
1225 2332 1341 2369 esse

279 2394 527 2445 brevem.’
567 2396 742 2447 Arm.

340 2476 368 2537 ς
406 2477 447 2530 7,
487 2474 671 2537 Cupide
711 2474 868 2522 leudis
909 2471 1184 2536 immodica]
1247 2473 1341 2522 Se-

276 2551 454 2613 quenti
489 2549 720 2620 membro
757 2548 972 2601 Leuis.
1011 2551 1167 2598 cultus
1195 2550 1340 2598 nimi-

275 2641 354 2676 um
370 2628 755 2691 superstitiosus:
790 2628 876 2676 cui
896 2627 1168 2688 scripturae
1192 2624 1343 2676 favet

278 2704 413 2767 quod
449 2703 518 2753 de
551 2703 761 2755 Juliano
790 2702 1086 2752 Ammianus
1120 2702 1340 2753 adnotet

277 2792 415 2830 xxv.
448 2785 506 2829 Δ.
537 2782 554 2809 ⁸
581 2781 957 2843 Prasagiorum
996 2780 1339 2830 sciscitationi

274 2858 445 2906 nimiae
485 2856 709 2911 deditus,
744 2863 803 2904 ut
837 2855 1162 2920 equiparare
1196 2856 1339 2905 vide·

273 2939 419 2983 retur
440 2933 494 2982 in
518 2935 611 2983 linc
634 2938 784 2996 perte
808 2932 1093 2996 principem
1108 2931 1339 2981 Hadria-

275 3024 434 3072 num;
471 3010 861 3073 superstitiosus
896 3009 1057 3071 magis
1079 3023 1233 3074 quam
1258 3023 1339 3058 sa-

272 3098 479 3136 crorum
518 3086 781 3150 legitimus
818 3083 1170 3134 observator.’
1232 3084 1337 3134 Sed

274 3174 544 3230 receptam
588 3166 926 3231 praetulerim,
957 3179 1075 3214 nam
1112 3164 1340 3227 supersti-

273 3242 428 3291 tiosus
466 3242 594 3292 satis
636 3241 855 3305 iudicat,
888 3256 1133 3305 peccasse
1167 3244 1222 3290 iu
1258 3255 1341 3302 eo,

274 3318 414 3380 qnod
439 3318 563 3366 anili
589 3325 644 3368 et
678 3318 858 3381 inepto
880 3319 1024 3367 cultu
1048 3318 1193 3366 Deos
1220 3331 1337 3379 pro·

270 3399 614 3455 sequeretnr3
648 3406 749 3442 vox
770 3393 905 3441 enim
926 3393 1016 3441 illa
1037 3392 1175 3455 apud
1201 3392 1340 3456 ipses

272 3478 464 3530 gentes
500 3470 550 3518 iu
576 3469 702 3520 vitio
738 3470 1046 3532 ponebatur,
1070 3469 1188 3517 iude
1211 3471 1227 3498 ⁸
1250 3484 1338 3517 va·

271 3558 394 3594 nam
449 3542 906 3610 superstitionem’
963 3544 1101 3593 dixit
1148 3544 1341 3608 virgil.

271 3620 391 3670 AEn.
419 3633 549 3671 vm.
587 3625 702 3671 187.
734 3621 826 3670 ubi
860 3621 1088 3677 Servius,
1122 3627 1338 3684 ‘super-

270 3698 415 3747 stitio
436 3706 517 3746 cst
540 3698 694 3747 timor
716 3694 1008 3762 superfluus
1033 3707 1085 3746 et
1108 3695 1341 3752 delirus‚’

271 3789 424 3838 quem
463 3773 646 3823 confer
668 3775 732 3824 ad
757 3788 837 3824 vr.
868 3778 984 3823 596.
1065 3774 1250 3823 Cicero
1274 3773 1339 3823 de

272 3850 456 3900 Diviu.
492 3865 556 3903 ιι.
592 3856 676 3902 60.
713 3851 1068 3914 ‘Superstitio
1110 3850 1342 3901 inbecilli

269 3929 428 3978 enimi
453 3938 611 3995 atque
633 3928 784 3978 anilis
798 3928 833 3977 ι’
856 3937 911 3977 et
929 3927 994 3977 de
1013 3929 1216 3979 Natura
1235 3929 1338 3978 De·

271 4019 419 4055 orum
446 4018 511 4054 n.
547 4008 629 4055 28.
665 4008 684 4036 ⁸
705 4005 796 4054 Ita
830 4003 1027 4054 factum
1063 4012 1145 4056 est
1177 4004 1232 4054 in
1253 4018 1336 4054 su·

273 4080 573 4143 perstitioso
606 4087 664 4129 et
697 4079 959 4143 religioso,
982 4079 1203 4129 alterum
1227 4080 1337 4130 vitii

269 4171 480 4217 nomen,
500 4157 722 4206 alterum
744 4153 951 4205 laudis.’
985 4154 1161 4205 Arntz.

343 4233 441 4281 Cui
473 4233 602 4281 sulus
630 4230 849 4296 propriu]
882 4229 1055 4281 Arum.
1086 4229 1178 4280 lib.
1212 4242 1338 4280 xix.

271 4305 291 4335 ‘
310 4308 431 4357 Nec
453 4308 587 4356 euim
611 4307 881 4357 abnuimus
911 4307 1131 4356 salntem
1166 4307 1337 4370 legiti-

270 4384 340 4434 rni
370 4384 615 4451 principis
650 4384 1051 4450 propugnatoris
1085 4383 1336 4437 bonorum

2356 383 2490 454 843

1423 545 1481 598 et
1522 545 1837 611 defensoris,
1876 538 2012 596 unde
2056 546 2193 596 selus
2237 547 2491 611 quaeritur

1424 623 1539 674 aliis
1574 625 1871 674 consociato
1915 623 2089 674 studio
2135 624 2356 673 inveniri
2397 623 2488 673 de-

1425 699 1585 752 bere.’
1620 696 1809 751 Schote-

1495 775 1615 828 rum
1650 779 1859 829 maxine
1892 779 1945 827 in
1983 777 2125 842 bello]
2179 778 2397 829 Mallem
2433 778 2488 829 in

1423 854 1540 905 beno
1577 855 1784 905 maxime
1815 856 2137 916 conservanda
2167 862 2258 917 est,
2290 855 2487 920 absque

1423 936 1560 981 tram.-
1607 931 1683 979 sic
1723 932 1861 981 enim
1901 932 2220 981 Veronensis
2263 937 2318 980 et
2358 932 2487 981 Μαι.

1423 1008 1557 1058 Post
1577 1008 1806 1058 abductus
1824 1009 1894 1058 sit
1908 1006 2131 1070 August.
2154 1008 2269 1058 cod.
2305 1007 2489 1058 Sakole.

1425 1085 1548 1135 Tam
1584 1085 1736 1135 abest
1768 1099 1975 1150 quoque
2011 1100 2041 1135 a
2078 1086 2284 1146 nostris,
2310 1086 2398 1151 qui
2431 1084 2486 1134 in

1420 1160 1539 1212 bello
1559 1162 1766 1211 maxime
1786 1161 2065 1212 dederuut.
2099 1163 2276 1212 ΑΜΖ.
2409 1169 2416 1180 ·

1484 1240 1571 1303 §8
1605 1239 1789 1302 Ingens
1822 1238 1993 1302 globus
2029 1241 2141 1289 σοῖο
2178 1238 2300 1302 lubi]
2344 1238 2484 1303 Gry-

1421 1315 1570 1379 phius
1593 1317 1706 1376 coelo
1725 1314 1911 1364 lubente
1925 1316 2068 1364 diem.
2132 1316 2393 1365 Caeterum
2418 1316 2485 1364 de

1419 1394 1758 1456 expeditione
1801 1394 1852 1442 iu
1892 1393 2083 1442 Persas
2122 1393 2324 1445 Juliani
2366 1389 2485 1442 vide

1420 1470 1544 1520 Sex.
1580 1470 1769 1538 Rufum
1810 1478 2046 1520 extremo
2078 1469 2364 1529 Breviario,
2397 1469 2483 1534 qui

1416 1547 1470 1596 in
1493 1546 1695 1597 duobus
1716 1546 1848 1597 Mes.
1870 1546 2236 1609 antiquissimis
2260 1552 2275 1577 ‘
2295 1547 2484 1594 Festus

1419 1624 1683 1688 dictator,’
1715 1638 1822 1673 non
1856 1622 2109 1673 ‘Sextus'
2150 1624 2486 1686 appellature

1420 1702 1557 1766 quod
1579 1702 1748 1753 obiter
1768 1699 2077 1750 monendum
2097 1702 2292 1764 pittavi.
2316 1700 2486 1750 Schot-

1418 1784 1511 1829 τηε.
1573 1780 1789 1830 Rectius
1815 1780 1955 1840 legas
1973 1780 2143 1840 igneus
2157 1778 2344 1840 globus,
2365 1792 2482 1827 cum

1416 1856 1714 1920 Sylburgio,
1781 1853 2136 1921 adstipulante
2196 1856 2482 1904 Ammiano.

1422 1934 1625 1983 Gruter.
1702 1933 1894 1982 Melius
1947 1931 2231 1982 Leidenses
2275 1946 2482 1997 qnoque

1418 2011 1573 2060 codd.
1593 2012 1707 2060 coelo
1725 2011 1822 2059 toln·
1843 2015 1954 2059 unte
1969 2010 2112 2066 diem,
2129 2024 2193 2059 ex
2210 2024 2312 2075 quo
2336 2010 2483 2059 dein-

1417 2101 1545 2149 ceps
1578 2087 1862 2136 contractis
1892 2087 1945 2134 in
1980 2099 2135 2134 ninum
2170 2084 2370 2134 duabus
2394 2099 2483 2134 vo-

1415 2164 1567 2212 cibus
1584 2177 1726 2211 suam
1749 2162 2060 2224 scripturam
2082 2163 2483 2225 concinnaruut;

1415 2253 1569 2304 quam
1606 2238 1818 2288 minime
1853 2237 1940 2287 hic
1977 2238 2324 2287 necessariam
2368 2252 2482 2287 esse

1418 2316 1631 2379 adjectu
1654 2316 1900 2378 temporis
1933 2313 2313 2377 significatione
2340 2322 2484 2372 noctu

1415 2407 1600 2443 seusus
1626 2392 1879 2441 declarat.
1935 2393 2166 2441 Verbum
2190 2393 2355 2456 ipsum
2376 2393 2481 2443 ‘la-

1417 2468 1501 2519 bi'
1532 2470 1601 2519 de
1642 2469 1833 2520 talibus
1870 2470 2116 2518 meteoris
2156 2469 2287 2518 hand
2321 2467 2480 2519 infre-

1415 2562 1599 2612 quens.
1650 2546 1829 2596 Livius
1851 2559 1965 2596 ιιι.
1984 2551 2064 2596 21.
2079 2553 2095 2576 ‘
2115 2548 2277 2597 Faces
2297 2547 2480 2596 eadem

1415 2633 1574 2675 nocte
1610 2626 1784 2688 plures
1819 2638 1914 2687 per
1935 2624 2119 2675 coelum
2143 2626 2302 2687 lapsae
2325 2623 2481 2674 suut?

1416 2701 1603 2764 Vir-gil.
1626 2699 1741 2750 AEn.
1764 2713 1829 2749 ιι.
1859 2704 1974 2751 693.
2006 2707 2022 2730 ‘
2046 2702 2126 2750 De
2160 2702 2293 2750 coelo
2332 2702 2481 2765 lapsa

1416 2790 1514 2840 per
1539 2777 1744 2827 umbras
1765 2778 1932 2827 Stella
1947 2776 2115 2828 facem
2135 2777 2332 2828 ducens
2349 2779 2481 2826 ιιιιιι-

1418 2861 1474 2902 ta
1496 2868 1613 2902 cum
1639 2853 1755 2902 luce
1778 2852 2044 2903 cucurrit)
2107 2854 2310 2903 Seneca
2324 2853 2471 2903 Phoe«

1414 2931 1511 2980 nis.
1536 2944 1615 2979 vs.
1637 2934 1751 2980 580.
1775 2931 1792 2958 ⁸
1814 2931 1917 2977 Aut
1936 2929 2104 2994 qualis
2126 2928 2270 2978 cadit
2285 2929 2477 2992 Delap-

1416 3022 1476 3057 so
1521 3009 1654 3057 coelo
1700 3004 1900 3057 stellm’
1966 3007 2281 3057 Claudianus
2318 3007 2477 3069 Περὶ.

1416 3086 1665 3148 Proserp.
1690 3099 1729 3134 r.
1751 3088 1868 3134 2³2.
1898 3085 1915 3112 ⁸
1937 3083 2056 3133 Pru
2067 3098 2156 3145 pes
2193 3084 2477 3146 sanguineo

1413 3161 1665 3210 dilabitur
1685 3160 1801 3222 igue
1823 3168 2051 3209 cometes
2068 3160 2367 3223 Prodigiale
2392 3174 2475 3207 ru-

1415 3237 1580 3288 bens!
1647 3240 1881 3288 Frontin.
1906 3238 2136 3300 sir-teg.
2157 3252 2195 3288 r.
2221 3242 2300 3288 12.
2323 3252 2406 3287 ex.
2424 3242 2477 3287 6.

1414 3319 1618 3369 ‘Quum
1654 3317 1743 3366 fax
1778 3318 1843 3364 ile
1878 3317 2011 3366 coelo
2046 3324 2199 3367 nocte
2226 3315 2479 3380 delapsa.’

1415 3392 1737 3455 Capitolinus
1782 3394 1835 3441 iu
1882 3392 2076 3442 Anton.
2123 3393 2317 3443 Philos.
2360 3407 2479 3452 cap.

1415 3474 1494 3519 13.
1513 3473 1529 3497 ⁴
1549 3469 2011 3519 Concionabundus
2046 3469 2215 3532 iguem
2243 3470 2309 3519 de
2342 3471 2475 3519 coelo

1414 3544 1705 3608 lapsurum:
1771 3545 2030 3594 Arnobius
2065 3545 2182 3596 adv.
2206 3545 2406 3596 Gentes
2440 3547 2477 3597 l.

1413 3635 1520 3672 vn.
1555 3637 1610 3687 p.
1648 3625 1763 3672 22⁷.
1797 3621 2031 3671 ‘Audire
2074 3621 2338 3680 desidero,
2384 3630 2476 3672 aut

1413 3702 1546 3747 coelo
1580 3698 1771 3762 aliquid
1806 3697 2047 3759 lapsum.'
2111 3691 2477 3749 Ammianusl.

1414 3788 1553 3825 xxv.
1575 3790 1623 3824 c.
1644 3779 1696 3824 2.
1719 3776 1735 3803 ⁸
1755 3774 1991 3837 Corpora
2025 3776 2160 3824 enim
2185 3776 2271 3838 qni
2304 3776 2475 3828 credit

1413 3859 1506 3900 aut
1527 3852 1659 3901 coelo
1684 3864 1836 3913 posse
1864 3849 2005 3901 labi.’
2071 3850 2384 3915 Eginhartus
2420 3854 2473 3902 in

1414 3928 1539 3976 Vita
1571 3928 1745 3977 Caroli
1777 3941 1895 3991 cap.
1926 3932 2010 3979 82.
2043 3928 2220 3978 ‘Vidit
2254 3939 2474 3991 repente

1412 4003 1616 4052 coelitus
1638 4003 1899 4067 delapsam
1923 4018 2039 4053 cum
2063 4004 2259 4065 ingenti
2283 4005 2474 4053 lumine

1410 4079 1641 4130 facemz'
1675 4080 1746 4130 ibi
1783 4080 1984 4142 inspice
2020 4079 2349 4143 Goldastum,
2385 4082 2474 4145 qui

1413 4156 1556 4205 inter
1575 4155 1771 4219 reliqua
1794 4155 1966 4204 adfert
1988 4156 2157 4205 locum
2178 4172 2208 4206 e
2229 4158 2472 4221 sigeber-

1410 4238 1468 4282 to
1491 4232 1856 4282 Gemblacensi
1888 4231 1955 4280 de
1990 4232 2256 4295 Stephano
2287 4234 2470 4296 Papa:

1406 4308 1424 4336 ‘
1442 4307 1707 4370 Apparuit
1738 4321 1980 4370 magnum
2014 4309 2219 4372 signum
2248 4310 2299 4358 in
2322 4310 2472 4372 coelo,

1416 4385 1599 4449 globus
1620 4383 1825 4435 scilicet
1845 4384 2027 4450 igneus
2048 4399 2079 4435 a
2102 4394 2252 4451 parte
2274 4395 2472 4437 austra·
