3025 4934
677 411 962 463 Αυιιει..
1007 411 1208 460 νιοτ.
1260 409 1676 471 nrrroMm-t,
1727 411 1895 458 car.
1946 409 2122 458 xxi.
2219 391 2222 395 ’

367 557 399 620 §
418 559 452 604 ’1
486 554 712 607 Honores
740 553 1044 618 mundari]
1072 555 1276 606 Vereor
1304 565 1374 604 ne

295 631 588 694 μνημονικὸν
624 627 879 694 ἁμάρτημα
915 632 1004 693 sit,
1038 630 1176 696 quod
1218 643 1375 681 nemo

297 724 418 761 eam
441 709 514 758 illi
537 709 741 758 laudem
765 709 998 759 tribuat:
1030 707 1195 757 falsus
1234 704 1376 757 forte

299 787 357 836 in
404 785 646 836 nornine:
677 785 862 835 Severi
907 785 1044 835 enim
1088 781 1381 835 Alexandri.

300 862 574 927 proprium
594 862 712 924 hoc,
725 860 815 926 qui
835 861 1226 923 magistratuum
1246 874 1375 911 nuu-

301 941 628 993 dinatiouem
670 941 966 990 detestatus
1000 946 1106 1003 est,
1135 953 1253 990 cum
1287 939 1377 1004 ju-

297 1015 525 1079 dicaret,
570 1030 790 1067 necesse
832 1031 964 1078 esse,
999 1024 1061 1067 ut
1105 1015 1197 1081 qui
1238 1031 1377 1066 eme·

299 1094 395 1148 rit,
429 1091 643 1143 vendat.
725 1092 1004 1156 Legendus
1045 1092 1379 1157 Lampridius

299 1169 631 1219 Alexandro.
697 1169 820 1219 Nou
863 1169 1111 1219 dissimile
1148 1170 1379 1220 Pescen·

301 1244 395 1295 nio
443 1245 611 1307 Nigro
647 1246 843 1296 tribuit
875 1246 1204 1309 Spartianus.
1283 1245 1380 1296 Ju-

301 1321 479 1372 dicem
522 1336 622 1371 nec
672 1321 803 1372 dare
858 1336 958 1372 nec
1013 1320 1255 1386 accipere
1289 1322 1380 1371 de-

303 1398 470 1449 bere:
506 1396 727 1462 ideoque
764 1397 954 1451 salaria
984 1397 1049 1448 iis
1087 1398 1385 1454 constituit.

306 1473 495 1525 Sonare.

372 1556 405 1618 ξ
431 1556 494 1602 lo
522 1552 693 1603 Annos
729 1552 985 1616 sexaginta
1016 1551 1246 1617 escisque]
1290 1552 1381 1604 Sic

305 1637 461 1683 notat
492 1639 644 1683 vetus
683 1630 803 1681 eod.
839 1631 1057 1694 rectius,
1079 1640 1232 1696 quam
1270 1631 1381 1696 alii,

307 1708 614 1769 sequuaginta
629 1722 648 1757 .·
681 1709 821 1756 sicut
836 1708 1160 1757 ostendimus
1173 1707 1227 1757 iu
1241 1721 1380 1758 eom·

307 1783 570 1832 suentario
612 1783 872 1849 Eutropii.
916 1783 1133 1834 Vinctus.
1199 1784 1381 1843 LXX,

307 1857 454 1913 And.
477 1857 758 1911 Cratandri
782 1866 838 1909 et
860 1859 1087 1922 Gryphii
1116 1860 1240 1910 edd.
1261 1877 1381 1924 pro·

308 1934 430 1998 pius
486 1949 664 1985 verum
691 1952 708 1997 ς
763 1937 1034 2001 octoginta
1093 1937 1231 1988 enirn
1287 1953 1381 1988 no-

307 2027 431 2062 vem
453 2027 703 2065 annorum
734 2011 865 2064 facit
904 2029 1008 2065 non
1042 2017 1202 2066 semel
1223 2015 1383 2080 Spar·

305 2090 500 2147 tianus.
563 2091 853 2142 Morituros
878 2099 1048 2144 autem
1081 2091 1247 2155 jussit
1278 2093 1383 2157 sig-

307 2181 438 2216 num
478 2166 686 2217 tribuno
710 2167 842 2229 dari,
870 2173 886 2198 ⁸
907 2169 1226 2220 Laboremus
1247 2169 1293 2219 τ’
1326 2175 1387 2220 nt

309 2244 537 2297 Helvius
561 2245 820 2297 Pertinax
841 2245 1198 2297 ‘Militemns.'
1231 2245 1382 2297 Idem

305 2322 641 2384 Spartianus.
708 2323 880 2387 Supra
905 2324 1078 2387 paullo
1096 2325 1386 2375 nuditatem

303 2414 482 2463 passus
508 2408 593 2449 est
614 2400 840 2451 ineditis
865 2409 1105 2465 quatuor.
1138 2402 1387 2452 Senonas.

313 2473 475 2527 Quod
498 2474 675 2532 miror.
696 2476 781 2539 qui
799 2477 848 2526 es·
867 2476 1153 2540 negabatur,
1175 2479 1386 2541 reperio

311 2549 368 2599 in
396 2549 543 2599 Leid.
569 2554 617 2600 1.
649 2557 708 2601 et
729 2549 906 2601 Guelf.
933 2551 1087 2603 codd.
1111 2553 1153 2601 si
1176 2552 1384 2616 conspi-

311 2633 455 2682 rent,
477 2640 595 2676 raro
629 2635 933 2689 peccantes.
1000 2627 1085 2678 An
1116 2629 1271 2679 cibum
1306 2630 1386 2679 in·

311 2703 655 2766 telligamus?
689 2704 782 2753 sed
819 2712 930 2755 tum
958 2706 1169 2770 requiro
1204 2716 1385 2757 aucto·

313 2782 554 2836 ritatem,
586 2782 675 2846 qui
722 2782 799 2831 ita
841 2779 1045 2833 locutus
1091 2783 1178 2834 sit.
1246 2785 1385 2855 Novi

313 2857 578 2921 equidem,
626 2859 849 2909 relatum
892 2872 999 2910 non
1039 2874 1250 2923 semper
1304 2875 1386 2909 re-

311 2934 576 2998 spondere
617 2948 709 2985 suo
753 2935 1102 2993 substantivo,
1134 2936 1228 2986 sed
1275 2944 1387 2988 tum

311 3014 433 3064 fere
457 3015 598 3065 aliud
616 3028 804 3064 nomen
829 3015 975 3079 sequi
995 3014 1149 3076 solet,
1164 3014 1227 3064 ad
1245 3015 1384 3080 quod

312 3089 563 3153 refertur,
583 3105 668 3141 ex.
693 3106 771 3155 gr.
789 3092 977 3154 veneni,
997 3106 1104 3155 quoe
1133 3092 1387 3142 medicina.

313 3167 378 3219 Si
408 3170 426 3198 ‘
446 3181 676 3219 veneuus
695 3173 710 3196 ²
742 3165 1062 3232 adjectivum
1083 3170 1244 3219 statui
1271 3183 1387 3231 pos.

311 3252 421 3305 set,
440 3259 522 3293 res
547 3243 751 3294 facilius
771 3245 1096 3306 procederet.
1143 3244 1245 3294 Sed
1262 3246 1388 3310 quid

312 3321 556 3372 fortassis
588 3322 640 3370 in
674 3328 858 3385 aperto
880 3322 1081 3372 librarii
1103 3322 1293 3372 mendo
1316 3324 1388 3372 la·

314 3399 586 3458 boramus,
605 3399 897 3461 praesertim
921 3399 975 3448 in
995 3399 1083 3449 tali
1101 3413 1249 3460 voce,
1265 3414 1386 3465 quoe

314 3483 542 3540 propter
593 3475 984 3525 similitudinem
1049 3476 1388 3527 abbreviandi

315 3552 500 3615 plures
537 3552 736 3615 patitur
772 3551 1055 3603 varietates
1074 3553 1107 3602 ?.
1153 3555 1388 3605 Crudita-

315 3635 415 3682 tem
445 3643 614 3692 passus
644 3635 700 3679 et
720 3644 868 3680 anos
899 3630 1080 3681 LXX.
1114 3632 1251 3694 apud
1293 3647 1388 3682 nos

316 3706 468 3764 editi.
497 3707 651 3757 aliter
688 3706 891 3772 scripti.
933 3707 1107 3756 -Leid.
1142 3708 1303 3758 etiam
1339 3714 1388 3760 1.

313 3784 477 3834 annis.
511 3783 693 3834 Arntz.

385 3861 524 3910 Ciu».
549 3874 676 3911 xxx.
710 3862 795 3925 §8
830 3861 1016 3911 Furore
1045 3860 1232 3925 poenas]
1269 3861 1390 3912 Hoc

313 3951 573 4002 nusquam
590 3939 656 3986 de
672 3938 946 3989 Caracalla
965 3939 1171 3988 memini
1195 3940 1390 4002 legere.

317 4013 613 4069 Adriauum
652 4015 860 4080 quidem
902 4013 1082 4066 furore
1123 4017 1390 4068 laborasse

316 4098 509 4143 auctor
543 4097 628 4140 est
666 4090 997 4153 Lampridius
1040 4086 1139 4142 sub
1181 4093 1390 4143 initium

318 4165 613 4228 Alagabali.
646 4166 840 4217 Senon.
1142 4188 1165 4212 ι

332 4282 339 4291 .
394 4242 607 4295 Ultrices
636 4244 889 4309 muniar]
926 4243 1004 4296 Ut
1035 4244 1178 4310 apud
1209 4245 1393 4311 poeta-

2387 393 2519 461 821

1447 565 1564 603 rum
1588 552 1905 617 principem,
1928 553 1943 582 ‘
1963 552 2301 619 Ultricesque
2335 553 2524 609 sedent

1447 630 1501 683 in
1554 630 1734 681 limine
1768 629 1940 693 diroe‚’
1991 630 2111 681 AEn.
2142 643 2270 681 vm.
2307 644 2422 694 qun
2465 638 2527 681 et

1448 706 1543 758 lib.
1567 720 1676 757 ιιι.
1700 706 2073 772 depinguntur.
2127 706 2213 757 Sic
2234 703 2387 757 furiis
2410 706 2521 770 agi·

1448 790 1591 833 tatus
1647 783 1867 834 Orestes
1908 789 1966 832 et
2005 782 2146 846 Ajax
2188 781 2377 846 poetis.
2453 783 2528 833 Et

1449 859 1653 910 Neroni
1684 859 1862 908 matris
1883 858 2182 911 interfecta
2206 860 2410 923 species
2432 860 2527 909 ob·

1448 943 1691 987 versatur
1724 935 1866 1000 apud
1908 936 2062 986 Suet.
2094 950 2214 1000 oap.
2246 939 2329 989 44.
2360 942 2417 985 et
2443 940 2529 985 46.

1449 1018 1505 1063 et
1530 1012 1731 1063 Othoni
1752 1026 1931 1063 manes
1943 1010 2154 1075 Galba,
2171 1012 2384 1063 Othone
2405 1026 2528 1075 cap·

1449 1094 1501 1139 7.
1570 1091 1860 1155 Eleganter
1878 1090 2093 1143 Tacitus
2115 1090 2182 1143 de
2205 1091 2417 1145 Tiberio
2450 1092 2530 1141 lo·

1450 1182 1617 1234 quens
1656 1166 1847 1219 Annal.
1886 1167 1983 1218 lib.
2015 1180 2095 1217 vr.
2124 1167 2298 1228 initio,
2331 1168 2437 1231 vel,
2469 1174 2529 1217 ut

1452 1244 1541 1295 alii
1564 1244 2147 1308 distinguunt,quiueto
2162 1259 2179 1293 x
2211 1245 2227 1272 ⁸
2246 1244 2368 1295 Non
2392 1242 2532 1293 frus-

1455 1318 1575 1378 tra‚'
1596 1320 1787 1385 inquit,
1801 1320 1819 1348 ‘
1836 1319 2297 1383 praestantissimus
2320 1321 2527 1384 sapien-

1454 1396 1546 1449 tioe
1581 1395 1793 1448 firmare
1831 1396 2016 1446 solitus
2055 1403 2160 1459 est,
2177 1397 2221 1446 si
2253 1396 2527 1446 recludan-

1460 1481 1549 1527 tur
1573 1483 1907 1538 tyrannorum
1943 1480 2164 1535 ruentes,
2186 1487 2335 1537 posse
2360 1472 2530 1537 aspici

1452 1550 1680 1615 laniatus
1699 1558 1753 1603 et
1773 1550 1942 1611 ictus3
1970 1551 2175 1616 quando
2207 1559 2268 1601 ut
2304 1565 2531 1615 corpora

1454 1627 1782 1684 verberibus,
1849 1629 1927 1678 ita
1990 1628 2214 1690 mritis,
2293 1626 2529 1689 libidine,

1454 1706 1604 1755 malis
1647 1705 1899 1755 consultis
1941 1706 2142 1759 animus
2186 1705 2528 1759 dilaceretur.

1455 1784 1672 1847 Quippe
1709 1782 1974 1835 Tiberium
2013 1797 2118 1835 non
2153 1780 2386 1843 fortuna,
2422 1796 2530 1832 non

1455 1859 1764 1913 solitudines
1781 1859 2146 1924 protegebant,
2161 1860 2286 1924 quin
2302 1866 2531 1910 tormen-

1455 1943 1514 1989 ta
1538 1938 1786 2000 pectoris,
1809 1951 2030 2002 suasque
2062 1950 2244 2001 poenss
2261 1936 2373 2000 lpse
2393 1934 2532 1987 fate-

1456 2012 1639 2063 retur!
1704 2012 1808 2064 Se‘d
1827 2027 1933 2063 non
1956 2019 2111 2064 vacat
2130 2027 2371 2076 campum
2394 2011 2534 2063 bunc

1458 2090 1679 2154 ingredi.
1711 2089 1900 2141 Sason.
1964 2090 2153 2154 Virgil-
2177 2089 2294 2141 AEn.
2318 2091 2540 2139 nubit).

1457 2172 1568 2221 ‘Et
1609 2170 1739 2222 dira
1781 2172 1997 2222 ultrices
2034 2178 2091 2221 et
2139 2170 2214 2222 Di
2259 2169 2532 2221 morientis

1459 2248 1681 2299 Elissae?
1719 2261 1799 2300 νι.
1836 2253 1953 2299 679.
2021 2248 2141 2300 Val.
2179 2248 2396 2298 Flaccus
2431 2246 2533 2296 Ar·

1460 2339 1583 2389 gon.
1610 2329 1799 2377 mauu.
1831 2324 2098 2376 ‘Ultrices
2127 2332 2372 2389 spectant
2406 2338 2438 2372 a
2472 2323 2535 2372 li·

1459 2406 1598 2454 mine
1617 2403 1784 2454 dira-⁹
1850 2403 2056 2455 Seneca
2073 2402 2267 2453 Medea
2282 2417 2359 2452 vs.
2375 2406 2456 2451 18.
2477 2408 2536 2451 et

1460 2480 1710 2542 Octavia,
1730 2480 1775 2529 si
1796 2479 1932 2530 illius
1968 2487 2052 2530 est
2076 2488 2281 2542 auctor,
2315 2495 2392 2527 vs.
2416 2483 2536 2529 966.

1461 2554 1709 2607 Oudend.
1726 2555 1794 2605 ad
1809 2556 2008 2606 Lucan.
2031 2569 2089 2605 x.
2111 2560 2227 2606 88⁷.
2259 2554 2439 2604 Aratz.

1539 2634 1569 2697 ς
1609 2637 1643 2682 4
1688 2634 1897 2697 Corpore
1941 2634 2214 2683 Alexandri
2254 2632 2537 2682 Macedonis

1459 2709 1728 2774 mamete]
1782 2711 1889 2759 Sed
1933 2725 2027 2759 cur
2066 2724 2168 2759 nen
2206 2708 2273 2758 de
2308 2723 2535 2772 corpore

1461 2780 1616 2837 manu
1654 2787 1873 2850 pictoris
1897 2787 1980 2836 vel
2016 2785 2261 2837 statuarii
2285 2799 2537 2847 expresso

1462 2864 1644 2913 melius
1668 2863 2116 2926 interpretamur?
2172 2861 2331 2912 Ovid.
2353 2857 2457 2911 Tr.
2472 2875 2540 2910 ιι.

1460 2943 1578 2989 522.
1599 2939 1617 2968 ⁴
1638 2941 1713 2989 Ut
1744 2941 1919 3002 prisca
1943 2940 2167 2989 virorum
2193 2938 2400 2988 Artifici
2434 2936 2539 2988 ful-

1465 3024 1594 3078 gent
1626 3030 1845 3080 corpora
1879 3017 2025 3080 picta
2058 3014 2252 3065 manu.'
2317 3016 2448 3067 Quis
2483 3017 2537 3065 iu

1462 3100 1691 3155 mortuo,
1717 3093 2013 3156 praesertim
2046 3092 2100 3141 in
2123 3107 2227 3156 quo
2249 3091 2354 3141 oris
2377 3093 2538 3141 linea·

1463 3174 1642 3219 menta
1679 3170 1858 3219 delere
1894 3175 2080 3218 coacta
2117 3165 2293 3218 fuerat
2335 3168 2535 3232 longiu-

1456 3247 1640 3312 qui'tas
1661 3247 1934 3310 temporis,
1959 3255 2159 3296 trucem
2185 3244 2411 3296 frontem
2445 3260 2538 3309 ag·

1465 3333 1727 3386 nosceret,
1767 3327 1849 3374 vel
1888 3337 2195 3373 conversam
2237 3322 2303 3373 ad
2347 3325 2539 3374 laevurn

1463 3403 1736 3452 humerum
1758 3402 2051 3450 cervicem?
2084 3398 2264 3448 Arm:-

1530 3482 1793 3546 Μαρια]
1827 3482 1917 3531 Sic
1950 3479 2111 3529 etiam
2139 3485 2296 3528 vocat
2319 3478 2539 3528 Paullus

1464 3557 1514 3609 1.
1538 3559 1599 3610 C.
1636 3561 1686 3606 in
1717 3558 1971 3606 Veterum
2011 3555 2340 3604 Prudentum
2377 3554 2540 3617 Frag·
2592 3589 2603 3598 .

1465 3636 1675 3694 mentis,
1700 3646 1817 3697 quae
1843 3631 2125 3681 immortali
2146 3630 2212 3681 P.
2232 3629 2426 3679 Pithoei
2451 3629 2541 3678 be·
2612 3634 2622 3651 ¹

1465 3710 1651 3761 ueficio
1675 3724 1793 3759 curn
1821 3705 2213 3771 Mosislegibus
2237 3714 2545 3770 comparata

1464 3784 1931 3839 circumferuntur,
1962 3783 2069 3833 Tit.
2102 3796 2191 3831 ιιι.
2222 3783 2289 3832 de
2321 3782 2541 3832 Adulte-

1463 3863 1578 3913 rio:
1630 3864 1647 3891 ‘
1669 3858 1936 3925 Magnus,'
1980 3859 2170 3924 inquit,
2210 3859 2228 3887 ‘
2244 3858 2539 3909 Antoninus

1460 3940 1709 4005 pepercit
1730 3940 1806 3988 eis
1831 3938 1921 4002 qui
1957 3938 2224 3987 adulteros
2248 3936 2541 3986 inconsulto

1460 4019 1638 4068 calore
1656 4017 1822 4076 ducti,
1838 4010 2261 4064 interfecerunt!
2289 4012 2539 4061 Senectus.

1463 4096 1537 4146 Et
1551 4094 1910 4144 humaniorum
1930 4105 2034 4140 nou
2054 4091 2221 4139 miuus
2241 4089 2538 4140 litterarum

1463 4185 1617 4236 quam
1631 4167 1763 4234 Juri's
1788 4167 2162 4217 scientissimus
2184 4166 2540 4229 Schultingius

1463 4246 1534 4298 ad
1549 4246 1762 4313 Ulpiani
1776 4244 1984 4308 Fragm.
2000 4242 2200 4293 tit.·xx.
2220 4243 2344 4307 §m-
2364 4243 2541 4292 Arses.
