3025 4934
700 434 984 486 aulem..
1014 435 1216 488 vlc'r.
1252 437 1669 502 El’l'roMEN,
1717 439 1882 489 cAP.
1930 439 2122 492 xmt.

310 576 735 641 PerGorgoueus
752 586 926 630 autem
963 585 980 610 ‘
997 577 1199 636 seras?
1235 579 1252 609 ‘
1268 595 1382 646 pes·

313 656 510 717 simas,'
533 657 667 706 etad
685 657 884 723 quaevis
912 659 1112 708 scelera
1135 666 1384 723 promtas,

314 731 580 797 quomodo
610 731 743 783 banc
767 747 942 788 vocem
967 735 1184 797 exponit
1207 736 1383 785 Servi·

313 824 381 860 us
394 810 466 860 ad
489 810 635 873 Virg.
658 811 776 862 AEn.
804 825 907 863 vu.
922 815 1038 861 841.
1057 819 1113 861 et
1138 812 1383 862 Bartbius

314 888 388 940 ad
411 890 635 938 Statium
651 888 822 939 Tbeb.
846 901 912 937 11.
930 892 1046 939 277.
1080 890 1254 938 Arata.

389 963 607 1018 Quarum
633 963 785 1028 αρε]
819 964 886 1014 In
921 964 1141 1013 eandem
1177 967 1384 1014 senten·

317 1039 449 1092 tiam
472 1038 643 1089 Amm.
667 1040 1006 1091 Marcellinus
1039 1040 1188 1089 initio
1211 1041 1247 1090 l.
1268 1053 1386 1091 xiv.

316 1131 443 1179 cap.
465 1121 510 1167 l.
535 1117 601 1166 de
631 1117 929 1168 Constantii
949 1117 1107 1167 credo
1129 1130 1286 1167 uxore
1311 1117 1381 1167 lo·

318 1206 504 1258 quens,
524 1193 758 1243 stimulos
792 1192 1135 1243 admovente:
1169 1207 1287 1243 cum
1311 1194 1384 1243 ri·

318 1284 438 1320 rum
465 1270 636 1333 potius
662 1271 879 1320 ienitate
911 1268 1138 1320 feminea
1161 1269 1226 1319 ad
1253 1270 1388 1320 reri·

318 1351 452 1400 tatis
488 1349 927 1413 humanitatisque
962 1348 1095 1397 viam
1134 1348 1389 1398 reducere

316 1427 477 1479 utilia
496 1426 762 1478 suadendo
782 1427 1020 1477 deberet.
1049 1425 1235 1475 Sciron.

391 1504 700 1567 Locupletam
731 1501 978 1570 quemque]
1032 1503 1171 1552 Uuas
1200 1515 1263 1552 ex
1295 1502 1389 1565 leis,

321 1594 429 1631 non
464 1594 529 1630 ea:
559 1580 644 1640 s‘is,
678 1593 856 1629 omnes
899 1578 1105 1642 scripti,
1140 1578 1229 1643 qui
1269 1592 1389 1628 eum

320 1656 448 1706 edd.
490 1657 791 1720 locupletium
834 1669 936 1705 non
975 1656 1255 1718 locupletant
1298 1669 1388 1704 ex·

324 1745 569 1796 pressere
584 1747 604 1782 z
641 1744 758 1779 nam
780 1736 997 1795 utroque
1021 1729 1174 1779 modo
1197 1729 1279 1780 bic
1301 1744 1390 1793 ge·

323 1810 522 1860 titirus
534 1808 798 1859 terminari
812 1809 964 1858 solet.
991 1807 1242 1870 Apuleius
1256 1810 1391 1858 Met.

324 1886 418 1936 lib.
442 1898 527 1936 tx.
552 1900 607 1950 p.
629 1889 746 1936 234.
777 1891 794 1915 ⁴
820 1884 1045 1935 Liberali
1065 1885 1240 1946 legum
1258 1898 1390 1948 prn-

323 1962 460 2013 sidio
483 1963 552 2013 de
587 1962 865 2014 insolentia
898 1962 1232 2023 locupletium
1269 1976 1390 2011 con-

314 2037 599 2096 ‚sueverint
635 2036 922 2088 vindicari.'
973 2036 1233 2110 Arnobius
1253 2035 1393 2088 Adv.

327 2114 497 2165 Gent.
523 2127 629 2164 vn.
651 2128 708 2178 p.
729 2117 848 2164 281.
878 2114 1185 2165 ‘Coenarum
1206 2112 1390 2162 ditium

318 2200 389 2243 et
409 2192 747 2254 locupletium
768 2188 1008 2253 saginas?
1074 2188 1251 2253 Atque
1273 2188 1397 2240 binc

325 2267 486 2319 facile
524 2267 587 2317 fit
620 2268 757 2332 quod
782 2268 836 2317 in
870 2268 1163 2317 Veronensi
1188 2266 1392 2330 conspi-

325 2346 469 2395 citur
489 2344 902 2407 locupletissimum
920 2357 1162 2407 quemque,
1183 2356 1394 2407 quomo·

326 2422 400 2474 do
423 2425 440 2452 ⁸
464 2421 711 2487 qnisqne'
748 2422 1018 2484 eleganter
1041 2435 1109 2470 ιω
1118 2436 1183 2484 pe
1216 2434 1392 2470 secum

325 2499 487 2552 babet
510 2498 824 2563 adjectivum
855 2498 1160 2561 superlativi
1185 2496 1394 2559 gradus.

330 2576 469 2627 Ces.
485 2576 621 2625 Bell.
636 2575 754 2625 Cir.
771 2587 809 2622 1.
824 2578 907 2624 89.
931 2574 960 2638 ς
974 2577 1024 2622 2.
1043 2575 1061 2600 ‘
1083 2571 1397 2623 fortissimus

322 2651 587 2717 quisque!
622 2653 798 2703 Livius
820 2664 990 2702 xxm.
1005 2655 1086 2701 18.
1107 2657 1164 2699 et
1184 2662 1394 2700 xxvur.

330 2735 415 2781 13.
433 2733 449 2760 ‘
476 2730 851 2795 promtissimus
872 2726 1126 2794 quisque.’
1158 2740 1326 2777 xxiv.
1346 2731 1396 2777 1.

327 2813 347 2837 ⁸
374 2807 688 2858 Levissimus
711 2805 967 2871 quisque.'
1006 2804 1207 2854 Plinius
1225 2805 1394 2867 Epist.

331 2897 419 2935 rx.
438 2890 488 2933 5.
519 2889 535 2914 ⁶
565 2883 971 2933 Honestissimus
995 2879 1250 2948 quisque?
1280 2881 1396 2932 Ma-

331 2962 587 3011 mertinus
609 2961 808 3024 Paneg.
830 2960 1022 3011 Julian.
1044 2974 1164 3022 cap.
1192 2962 1275 3008 26.
1296 2960 1324 3023 §
1344 2962 1396 3010 2.

320 3039 351 3088 .‘
376 3038 506 3086 Cum
532 3036 806 3086 vilissimus
821 3038 1054 3101 »quisque
1071 3036 1319 3087 bonorum
1341 3038 1399 3082 et

330 3113 631 3164 divitiarum
658 3113 855 3178 potitus
886 3113 1043 3176 foret,
1073 3113 1140 3162 ab
1162 3113 1239 3161 his
1262 3112 1398 3175 opti·

320 3203 451 3242 nas
473 3189 695 3255 quisque
728 3190 1042 3252 abigebatur
1079 3187 1308 3252 procul?
1341 3198 1399 3239 et

328 3269 447 3330 alii,
465 3269 603 3318 inter
618 3281 745 3332 quos
759 3268 966 3318 Cottius
987 3266 1051 3315 ad
1066 3266 1276 3316 Sallust.
1297 3265 1399 3316 Ca-

335 3346 419 3396 til.
436 3359 482 3393 c.
497 3349 548 3393 8.
567 3346 596 3409 ς
617 3351 663 3394 5.
699 3344 850 3394 Hanc
877 3345 1184 3407 scripturam
1210 3342 1399 3407 recipit

332 3422 630 3474 Gronovius
644 3423 760 3473 loco
770 3422 909 3473 land.
924 3438 1077 3488 quem
1093 3430 1267 3473 tamen
1280 3437 1400 3473 con·

336 3509 423 3551 tra
432 3501 563 3549 Mss.
573 3514 674 3549 non
689 3515 897 3564 sequor.
917 3501 1088 3549 Voces
1099 3502 1164 3550 ad
1176 3515 1402 3565 meamus,

322 3579 570 3644 'quamvis
587 3578 684 3627 viri
706 3579 879 3641 magni
905 3579 1195 3642 patrocinio
1220 3588 1402 3628 tuean-

337 3664 448 3710 tur,
480 3653 756 3704 admodum
787 3661 963 3703 tamen
997 3654 1121 3703 milii
1144 3660 1401 3719 suspectu

332 3737 482 3781 sunt.
529 3730 613 3780 Au
638 3729 797 3793 igitur
821 3740 1186 3795 procuratores
1209 3732 1320 3779 sola
1337 3744 1403 3780 ea

337 3807 479 3858 bona
502 3807 794 3870 rapiebant,
813 3821 933 3870 qna
955 3808 1072 3871 quis
1090 3807 1156 3856 ad
1175 3820 1401 3856 mensam

328 3895 433 3932 seu
453 3882 736 3932 mensarios
758 3883 1006 3940 babebat.
1040 3897 1157 3932 cum
1191 3884 1257 3933 de
1283 3884 1403 3933 reli-

332 3958 455 4024 quis
477 3959 885 4023 possessionibus
919 3967 1100 4022 posset
1120 3974 1233 4010 esse
1256 3974 1403 4009 secu-

335 4036 465 4088 rus?
519 4035 792 4086 Praeterea
834 4036 888 4086 in
931 4037 1070 4087 nullo
1107 4042 1402 4087 nostrorum

328 4110 581 4164 codicum
619 4118 945 4175 comparent,
979 4113 1078 4163 nisi
1120 4114 1256 4176 quod
1292 4127 1404 4164 cor·

337 4194 497 4252 rupte
520 4188 667 4238 Leid.
687 4192 738 4238 2.
760 4190 824 4238 ud
842 4203 1042 4239 menses.
1079 4189 1404 4240 Crediderim

330 4263 681 4316 semidoctum
704 4265 929 4329 aliquem
953 4265 1021 4315 de
1043 4280 1202 4330 grege
1225 4281 1403 4316 mona-

334 4340 576 4404 chorum,
593 4353 708 4388 curn
723 4340 1039 4391 meminisset
1054 4357 1249 4406 ponera,
1265 4344 1402 4407 quod

2388 422 2519 490 841

1457 580 1673 639 riorum,
1696 581 2018 634 existimasse
2042 582 2353 634 mentionem
2377 598 2521 634 men·

1456 673 1530 707 sae
1552 659 1632 709 bic
1654 659 1957 717 desiderari,
1976 675 2127 725 quam
2147 663 2382 713 lacunam
2402 664 2519 724 ipse

1456 736 1523 785 de
1557 750 1651 785 suo
1688 737 1976 787 liberaliter
2014 739 2296 802 supplevit.
2363 739 2520 789 Atta-

1457 828 1577 864 men
1600 815 1781 863 summi
1806 814 2057 865 Gronovii
2094 817 2378 869 auctoritas
2403 816 2545 865 tan·'

1458 898 1570 939 tum
1596 890 1734 953 apud
1759 906 1841 940 me
1866 892 2045 953 valuit,
2075 901 2133 942 ut
2169 895 2341 957 potius
2373 894 2520 943 uncis

1458 966 1749 1024 includere,
1776 982 1926 1031 quam
1963 970 2168 1018 omnino
2201 970 2390 1032 ejicere
2425 971 2519 1019 sim

1460 1059 1634 1093 ausus.
1700 1043 1942 1093 Unanimi
1961 1045 2118 1094 etiam
2131 1047 2521 1110 conspiratione

1459 1120 1708 1170 scribitur
1744 1133 1892 1184 quare
1924 1120 2084 1181 habes,
2114 1135 2213 1184 pro
2252 1136 2356 1186 quo
2391 1122 2520 1174 editi

1459 1212 1565 1261 qua
1595 1196 1751 1246 habes.
1817 1197 2124 1260 Propertius
2164 1198 2310 1258 Eleg.
2350 1212 2412 1248 ιι.
2437 1203 2520 1248 28.

1458 1279 1544 1323 98.
1577 1275 1592 1301 ‘
1609 1275 1718 1325 Cur
1734 1274 1848 1323 brec
1870 1279 1973 1322 tam
1998 1272 2176 1324 dives?
2209 1274 2323 1339 quis
2340 1273 2523 1324 dediti

1459 1351 1599 1404 unde
1623 1349 1803 1401 dedit?
1820 1350 1835 1372 ’
1867 1350 2047 1401 Arata.

1532 1427 1671 1483 Quod
1708 1428 1865 1477 laudis
1904 1433 2024 1477 esset
2066 1428 2355 1494 incuriosus]
2404 1430 2524 1480 Non

1462 1506 1597 1553 male
1618 1506 1747 1555 Mss.
1766 1505 1975 1554 Schotti
2009 1512 2066 1556 et
2087 1506 2399 1556 Veronensis
2421 1509 2523 1556 luu-

1461 1582 1539 1631 dis
1581 1597 1682 1632 ιω
1723 1588 1860 1632 esset.
1900 1582 2055 1634 Grut.
2120 1584 2192 1633 Et
2230 1584 2305 1632 sic
2345 1597 2523 1633 omnes

1462 1659 1663 1722 scripti.
1698 1659 1995 1721 Increpnaem
2017 1658 2163 1709 Leid.
2185 1663 2233 1709 1.
2265 1658 2437 1709 Arata.

1530 1734 1793 1799 Inprobum
1827 1740 1877 1784 et
1909 1734 2169 1798 detestans]
2205 1735 2385 1798 Longe
2415 1748 2522 1784 me-

1462 1812 1564 1861 lius
1583 1810 1787 1861 Sebotti
1810 1809 1963 1860 codd.
1981 1817 2036 1859 et
2069 1811 2341 1874 impressio
2362 1812 2525 1860 Vero-

1463 1886 1662 1945 nensis,
1695 1886 1964 1936 maiam
1982 1885 2218 1949 barrabas
2250 1888 2525 1937 detestans.-

1463 1975 1564 2013 nec
1587 1963 1721 2012 enim
1741 1963 1934 2027 quaevis
1949 1963 2155 2012 exactio
2171 1963 2314 2012 cives
2333 1964 2525 2011 exhau-

1464 2039 1554 2100 rit,
1577 2038 1668 2087 sed
1690 2038 1862 2092 nimia,
1896 2038 1988 2086 sed
2027 2037 2333 2101 ‘improba.’
2372 2039 2524 2088 Grai.

1465 2115 1668 2164 Favent
1688 2116 1866 2163 o‘mnes
1891 2112 2094 2171 Nostri,
2125 2120 2179 2161 et
2211 2127 2269 2162 eu
2294 2117 2528 2163 amente

1467 2189 1648 2240 Guelf.
1679 2198 1734 2240 et
1767 2189 1912 2238 Leid.
1940 2192 1988 2238 l.
2022 2196 2081 2238 ut
2102 2189 2199 2238 lieu
2221 2203 2411 2252 genere
2447 2189 2527 2239 fe-

1464 2268 1662 2322 minino
1680 2265 1917 2315 videatur
1940 2280 2235 2331 usurpasse.
2266 2266 2439 2317 Arnez.

1535 2344 1674 2401 Quod
1705 2357 1760 2393 eo
1792 2342 2051 2406 crescente]
2085 2344 2174 2393 Sic
2208 2343 2336 2393 fisco
2368 2345 2529 2395 dites-

1466 2428 1621 2470 cente
1645 2420 1945 2469 exhauritur
1974 2418 2289 2483 respublica.
2355 2419 2527 2471 Aliam

1468 2499 1625 2547 etiam
1643 2511 1877 2547 caussam
1896 2495 2153 2559 reperisse
2170 2498 2370 2560 videor,
2388 2500 2528 2563 quod

1468 2572 1900 2640 quemadmodum
1934 2574 2236 2636 spleneticis
2268 2574 2370 2624 lien
2393 2576 2529 2626 sedin

1470 2655 1663 2703 tionem
1679 2650 1806 2701 facit
1820 2652 1872 2700 in
1892 2650 2212 2715 precordiis,
2228 2652 2375 2716 (utar
2390 2653 2532 2706 enim

1470 2730 1779 2797 Plautinis,)
1800 2732 1874 2782 ita
1898 2737 1954 2781 et
1976 2729 2114 2781 bella
2129 2730 2301 2782 civilia
2320 2732 2535 2782 seditio..

1468 2824 1667 2876 nesque
1682 2824 1747 2860 ex
1762 2809 1873 2859 fisci
1896 2808 2216 2876 incremento
2232 2817 2532 2860 nascuntur.

1469 2888 1613 2937 Hinc
1636 2887 1840 2938 cinctos
1867 2885 2092 2935 lienosos
2125 2883 2371 2935 incedere
2403 2885 2533 2936 utile

1470 2978 1589 3014 esse
1648 2963 1783 3013 dixit
1819 2960 2135 3010 Aristoteles
2181 2959 2270 3011 lib.
2308 2973 2400 3010 ιιι.
2441 2961 2531 3010 De

1473 3037 1727 3090 Partibus
1742 3036 2056 3088 Animalinm
2077 3051 2091 3082 ε
2114 3034 2251 3099 quod
2268 3041 2394 3084 atra
2411 3034 2534 3084 bilis

1472 3115 1597 3172 lien,
1618 3123 1678 3164 ut
1693 3116 1858 3178 hepar
1874 3111 2134 3175 sanguinis
2155 3113 2231 3161 sic
2250 3119 2532 3174 concepta·

1473 3192 1685 3251 culum;
1718 3190 1801 3239 bie
1825 3188 1878 3238 in
1902 3188 2109 3248 dextro,
2132 3187 2218 3237 ille
2240 3187 2293 3237 iu
2323 3186 2535 3238 sinistro

1473 3270 1658 3319 latere.
1703 3268 1922 3317 Plautus
1959 3265 2184 3314 Casina:
2217 3261 2417 3326 ‘Perii,
2440 3275 2535 3314 cor

1473 3345 1723 3394 lienosum
1769 3342 1954 3406 opinor
1995 3339 2186 3402 habeo,
2219 3337 2533 3402 jamdudum

1472 3424 1622 3472 salit:
1681 3421 1763 3470 De
1785 3419 1963 3470 labore
1988 3425 2171 3479 pectus
2195 3411 2408 3467 tundit.’
2463 3415 2538 3466 Et

1473 3500 1775 3549 Mercatore
1791 3511 1808 3546 z
1843 3497 1861 3525 ⁸
1887 3493 2054 3553 Perii,
2074 3492 2379 3542 seditionem
2404 3489 2537 3544 facit

1474 3575 1600 3629 lien,
1652 3577 1881 3634 occupat
1937 3565 2261 3632 praecordia.’
2336 3567 2537 3616 Rursus

1472 3650 1691 3701 curcul.
1739 3648 1942 3700 ‘Quasi
1987 3659 2117 3694 zona
2153 3645 2289 3694 liene
2331 3645 2534 3694 cinctus

1476 3724 1723 3776 ambulo.'
1793 3724 1942 3783 Mox,
1965 3723 1982 3750 ‘
2004 3722 2133 3771 Lien
2157 3728 2349 3781 necat3
2383 3734 2538 3771 renes

1474 3798 1693 3851 dolent.’
1726 3799 1816 3856 Et,
1834 3799 1849 3826 ⁸
1866 3797 1996 3846 Lien
2015 3796 2277 3846 dierectus
2294 3802 2393 3845 est.
2427 3796 2536 3846 ΡΑ.

1477 3880 1705 3938 ambula,
1728 3877 1779 3925 id
1802 3877 1928 3925 lieni
1952 3870 2342 3938 optimum,est.'
2400 3872 2539 3921 Lau-

1477 3956 1602 4006 data
1635 3954 1798 4018 igitur
1827 3966 1932 4001 non
1955 3949 2213 4000 immerito
2237 3962 2336 3996 vox
2360 3948 2538 3997 Perti·

1477 4032 1616 4081 nacis
1636 4028 1957 4092 Inperatoris
1974 4042 1992 4075 ε
2025 4032 2040 4055 ⁶
2056 4024 2298 4076 Sanctius
2321 4021 2440 4084 est,’
2460 4024 2540 4072 in.-

1477 4110 1610 4172 quit,
1629 4106 1646 4136 ⁶
1669 4105 1735 4155 P.
1755 4105 1815 4154 C.
1846 4105 2052 4165 inopem
2087 4113 2253 4161 remp.
2282 4099 2539 4158 obtinere,

1476 4197 1633 4249 qnam
1673 4182 1737 4230 ad
1790 4178 2087 4228 divitiarum
2133 4177 2393 4225 cumulum
2439 4189 2538 4237 per

1476 4258 1828 4314 discriminum
1852 4262 2011 4317 atque
2044 4250 2357 4301 dedecorum
2380 4253 2538 4301 vesti.

1478 4339 1569 4400 gia
1590 4329 1899 4399 pervenire.⁹
1946 4328 2148 4382 Plinius
2168 4327 2350 4383 Juuior
2372 4328 2426 4378 in
2444 4342 2538 4380 au·

335 4417 557 4485 verbum
579 4417 833 4485 sequitur,
856 4420 1067 4487 proprie
1093 4435 1209 4502 esse
1229 4422 1405 4476 eonvi-
1470 4428 1570 4475 ,τεο
1591 4413 1681 4465 illo
1703 4406 2034 4474 Panegyrico
2050 4406 2117 4457 de
2137 4402 2262 4458 fisco
2283 4403 2541 4476 qriaedam.
