<?xml version="1.0" encoding="UTF-8"?>
<!DOCTYPE html PUBLIC "-//W3C//DTD XHTML 1.0 Transitional//EN"
    "http://www.w3.org/TR/xhtml1/DTD/xhtml1-transitional.dtd">
<html xmlns="http://www.w3.org/1999/xhtml" xml:lang="en" lang="en">
 <head>
  <title>
</title>
<meta http-equiv="Content-Type" content="text/html;charset=utf-8" />
  <meta name='ocr-system' content='tesseract 3.04.00' />
  <meta name='ocr-capabilities' content='ocr_page ocr_carea ocr_par ocr_line ocrx_word'/>
</head>
<body>
  <div class='ocr_page' id='page_1' title='image "./sextiaureliivic00valpgoog_0286.png"; bbox 0 0 3025 4934; ppageno 0'>
   <div class='ocr_carea' id='block_1_1' title="bbox 489 355 623 426">
    <p class='ocr_par' dir='ltr' id='par_1_1' title="bbox 489 355 623 426">
     <span class='ocr_line' id='line_1_1' title="bbox 489 355 623 426; baseline 0.015 -2"><span class='ocrx_word' id='word_1_1' title='bbox 489 355 623 426; x_wconf 74' lang='lat'>¹728</span> 
     </span>
    </p>
   </div>
   <div class='ocr_carea' id='block_1_2' title="bbox 494 515 1569 2264">
    <p class='ocr_par' dir='ltr' id='par_1_2' title="bbox 494 515 1569 2264">
     <span class='ocr_line' id='line_1_2' title="bbox 494 515 1558 582; baseline -0.001 -15"><span class='ocrx_word' id='word_1_2' title='bbox 494 530 597 567; x_wconf 87' lang='lat' dir='ltr'>non</span> <span class='ocrx_word' id='word_1_3' title='bbox 626 529 792 581; x_wconf 66' lang='lat' dir='ltr'>mque.</span> <span class='ocrx_word' id='word_1_4' title='bbox 825 521 885 566; x_wconf 87' lang='lat' dir='ltr'>ut</span> <span class='ocrx_word' id='word_1_5' title='bbox 907 515 1036 566; x_wconf 70' lang='lat' dir='ltr'>nihi</span> <span class='ocrx_word' id='word_1_6' title='bbox 1058 515 1264 582; x_wconf 76' lang='lat' dir='ltr'>quidem</span> <span class='ocrx_word' id='word_1_7' title='bbox 1299 515 1558 580; x_wconf 74' lang='lat' dir='ltr'>videntur,</span> 
     </span>
     <span class='ocr_line' id='line_1_3' title="bbox 496 594 1557 645; baseline -0.001 0"><span class='ocrx_word' id='word_1_8' title='bbox 496 594 671 645; x_wconf 76' lang='lat' dir='ltr'>omnia</span> <span class='ocrx_word' id='word_1_9' title='bbox 713 602 977 645; x_wconf 80' lang='lat' dir='ltr'>sccursts.</span> <span class='ocrx_word' id='word_1_10' title='bbox 1043 594 1222 644; x_wconf 88' lang='lat' dir='ltr'>Primo</span> <span class='ocrx_word' id='word_1_11' title='bbox 1258 595 1394 644; x_wconf 88' lang='lat' dir='ltr'>enim</span> <span class='ocrx_word' id='word_1_12' title='bbox 1439 596 1557 645; x_wconf 82' lang='lat' dir='ltr'>loeo</span> 
     </span>
     <span class='ocr_line' id='line_1_4' title="bbox 495 670 1558 735; baseline -0.002 -14"><span class='ocrx_word' id='word_1_13' title='bbox 495 670 773 721; x_wconf 84' lang='lat' dir='ltr'>confundit</span> <span class='ocrx_word' id='word_1_14' title='bbox 826 670 962 721; x_wconf 79' lang='lat' dir='ltr'>hunc</span> <span class='ocrx_word' id='word_1_15' title='bbox 1008 670 1276 735; x_wconf 71' lang='lat' dir='ltr'>Abgarum</span> <span class='ocrx_word' id='word_1_16' title='bbox 1316 671 1558 735; x_wconf 89' lang='lat' dir='ltr'>Septimii</span> 
     </span>
     <span class='ocr_line' id='line_1_5' title="bbox 494 747 1557 811; baseline -0.002 -13"><span class='ocrx_word' id='word_1_17' title='bbox 494 749 695 802; x_wconf 82' lang='lat' dir='ltr'>Severi,</span> <span class='ocrx_word' id='word_1_18' title='bbox 716 761 833 797; x_wconf 79' lang='lat' dir='ltr'>curn</span> <span class='ocrx_word' id='word_1_19' title='bbox 875 747 997 803; x_wconf 74' lang='lat' dir='ltr'>alio,</span> <span class='ocrx_word' id='word_1_20' title='bbox 1030 748 1118 811; x_wconf 88' lang='lat' dir='ltr'>qui</span> <span class='ocrx_word' id='word_1_21' title='bbox 1139 748 1233 798; x_wconf 81' lang='lat' dir='ltr'>sub</span> <span class='ocrx_word' id='word_1_22' title='bbox 1256 748 1557 798; x_wconf 71' lang='lat' dir='ltr'>Alexandro</span> 
     </span>
     <span class='ocr_line' id='line_1_6' title="bbox 495 824 1557 888; baseline 0 -15"><span class='ocrx_word' id='word_1_23' title='bbox 495 826 689 873; x_wconf 83' lang='lat' dir='ltr'>Severo</span> <span class='ocrx_word' id='word_1_24' title='bbox 711 824 944 873; x_wconf 75' lang='lat' dir='ltr'>vixisset.</span> <span class='ocrx_word' id='word_1_25' title='bbox 1012 824 1221 875; x_wconf 82' lang='lat' dir='ltr'>Nummi</span> <span class='ocrx_word' id='word_1_26' title='bbox 1247 833 1442 879; x_wconf 70' lang='lat' dir='ltr'>tamen,</span> <span class='ocrx_word' id='word_1_27' title='bbox 1466 824 1557 888; x_wconf 86' lang='lat' dir='ltr'>qui</span> 
     </span>
     <span class='ocr_line' id='line_1_7' title="bbox 495 898 1556 961; baseline -0.003 -11"><span class='ocrx_word' id='word_1_28' title='bbox 495 900 604 950; x_wconf 80' lang='lat' dir='ltr'>iliic</span> <span class='ocrx_word' id='word_1_29' title='bbox 643 899 746 949; x_wconf 87' lang='lat' dir='ltr'>loci</span> <span class='ocrx_word' id='word_1_30' title='bbox 812 898 1125 948; x_wconf 71' lang='lat' dir='ltr'>adferuntur</span> <span class='ocrx_word' id='word_1_31' title='bbox 1174 898 1441 961; x_wconf 87' lang='lat' dir='ltr'>pertinent</span> <span class='ocrx_word' id='word_1_32' title='bbox 1490 898 1556 947; x_wconf 82' lang='lat' dir='ltr'>ed</span> 
     </span>
     <span class='ocr_line' id='line_1_8' title="bbox 497 975 1559 1039; baseline -0.002 -14"><span class='ocrx_word' id='word_1_33' title='bbox 497 976 827 1039; x_wconf 72' lang='lat' dir='ltr'><strong>Septimium,</strong></span> <span class='ocrx_word' id='word_1_34' title='bbox 870 989 971 1024; x_wconf 88' lang='lat' dir='ltr'>non</span> <span class='ocrx_word' id='word_1_35' title='bbox 1011 983 1186 1025; x_wconf 82' lang='lat' dir='ltr'>sutem</span> <span class='ocrx_word' id='word_1_36' title='bbox 1222 975 1288 1024; x_wconf 77' lang='lat' dir='ltr'>sd</span> <span class='ocrx_word' id='word_1_37' title='bbox 1331 975 1559 1024; x_wconf 72' lang='lat' dir='ltr'>Alexan·</span> 
     </span>
     <span class='ocr_line' id='line_1_9' title="bbox 496 1050 1559 1124; baseline 0 -23"><span class='ocrx_word' id='word_1_38' title='bbox 496 1052 648 1102; x_wconf 88' lang='lat' dir='ltr'>drum</span> <span class='ocrx_word' id='word_1_39' title='bbox 659 1051 939 1108; x_wconf 26' lang='lat' dir='ltr'>‘Seven-um,</span> <span class='ocrx_word' id='word_1_40' title='bbox 950 1066 1079 1116; x_wconf 89' lang='lat' dir='ltr'>quos</span> <span class='ocrx_word' id='word_1_41' title='bbox 1098 1052 1288 1124; x_wconf 78' lang='lat' dir='ltr'>nollem</span> <span class='ocrx_word' id='word_1_42' title='bbox 1297 1050 1559 1101; x_wconf 83' lang='lat' dir='ltr'>confudis-</span> 
     </span>
     <span class='ocr_line' id='line_1_10' title="bbox 496 1128 1563 1192; baseline -0.001 -14"><span class='ocrx_word' id='word_1_43' title='bbox 496 1144 553 1179; x_wconf 89' lang='lat' dir='ltr'>se</span> <span class='ocrx_word' id='word_1_44' title='bbox 576 1130 743 1178; x_wconf 75' lang='lat' dir='ltr'>virum</span> <span class='ocrx_word' id='word_1_45' title='bbox 774 1128 953 1178; x_wconf 78' lang='lat' dir='ltr'>herum</span> <span class='ocrx_word' id='word_1_46' title='bbox 979 1143 1150 1178; x_wconf 85' lang='lat' dir='ltr'>rerum</span> <span class='ocrx_word' id='word_1_47' title='bbox 1175 1129 1563 1192; x_wconf 75' lang='lat' dir='ltr'><strong>peritissimum.</strong></span> 
     </span>
     <span class='ocr_line' id='line_1_11' title="bbox 498 1204 1560 1270; baseline -0.001 -14"><span class='ocrx_word' id='word_1_48' title='bbox 498 1204 709 1256; x_wconf 77' lang='lat' dir='ltr'>Deinde</span> <span class='ocrx_word' id='word_1_49' title='bbox 733 1220 788 1269; x_wconf 90' lang='lat' dir='ltr'>p.</span> <span class='ocrx_word' id='word_1_50' title='bbox 812 1209 928 1255; x_wconf 73' lang='lat'>5³6.</span> <span class='ocrx_word' id='word_1_51' title='bbox 946 1206 1212 1256; x_wconf 79' lang='lat' dir='ltr'>existimat</span> <span class='ocrx_word' id='word_1_52' title='bbox 1225 1206 1560 1270; x_wconf 70' lang='lat' dir='ltr'><strong>Spanianum</strong></span> 
     </span>
     <span class='ocr_line' id='line_1_12' title="bbox 499 1281 1565 1345; baseline -0.001 -13"><span class='ocrx_word' id='word_1_53' title='bbox 499 1290 557 1332; x_wconf 86' lang='lat' dir='ltr'>et</span> <span class='ocrx_word' id='word_1_54' title='bbox 586 1281 873 1341; x_wconf 80' lang='lat' dir='ltr'><strong>Victorem,</strong></span> <span class='ocrx_word' id='word_1_55' title='bbox 915 1283 996 1329; x_wconf 84' lang='lat' dir='ltr'>vel</span> <span class='ocrx_word' id='word_1_56' title='bbox 1036 1296 1235 1330; x_wconf 70' lang='lat' dir='ltr'>errasse</span> <span class='ocrx_word' id='word_1_57' title='bbox 1265 1294 1565 1345; x_wconf 84' lang='lat' dir='ltr'>utrumque,</span> 
     </span>
     <span class='ocr_line' id='line_1_13' title="bbox 501 1356 1561 1423; baseline 0 -16"><span class='ocrx_word' id='word_1_58' title='bbox 501 1356 640 1422; x_wconf 83' lang='lat' dir='ltr'>quod</span> <span class='ocrx_word' id='word_1_59' title='bbox 663 1357 940 1406; x_wconf 70' lang='lat' dir='ltr'>Persarum</span> <span class='ocrx_word' id='word_1_60' title='bbox 979 1371 1155 1420; x_wconf 75' lang='lat' dir='ltr'>regem</span> <span class='ocrx_word' id='word_1_61' title='bbox 1193 1356 1438 1420; x_wconf 82' lang='lat' dir='ltr'>fecerint,</span> <span class='ocrx_word' id='word_1_62' title='bbox 1472 1359 1561 1423; x_wconf 88' lang='lat' dir='ltr'>qui</span> 
     </span>
     <span class='ocr_line' id='line_1_14' title="bbox 499 1433 1562 1486; baseline 0.003 -3"><span class='ocrx_word' id='word_1_63' title='bbox 499 1433 750 1483; x_wconf 85' lang='lat' dir='ltr'>dicendus</span> <span class='ocrx_word' id='word_1_64' title='bbox 809 1439 1008 1484; x_wconf 77' lang='lat' dir='ltr'>tentum</span> <span class='ocrx_word' id='word_1_65' title='bbox 1054 1443 1196 1485; x_wconf 86' lang='lat' dir='ltr'>esset</span> <span class='ocrx_word' id='word_1_66' title='bbox 1240 1435 1256 1463; x_wconf 87' lang='lat'>‘</span> <span class='ocrx_word' id='word_1_67' title='bbox 1275 1436 1562 1486; x_wconf 85' lang='lat' dir='ltr'>Edesseno·</span> 
     </span>
     <span class='ocr_line' id='line_1_15' title="bbox 499 1509 1562 1576; baseline -0.001 -16"><span class='ocrx_word' id='word_1_68' title='bbox 499 1509 640 1569; x_wconf 59' lang='lat' dir='ltr'>rum&#39;‚</span> <span class='ocrx_word' id='word_1_69' title='bbox 671 1511 751 1559; x_wconf 75' lang='lat' dir='ltr'>vel</span> <span class='ocrx_word' id='word_1_70' title='bbox 774 1517 790 1540; x_wconf 78' lang='lat'>⁸</span> <span class='ocrx_word' id='word_1_71' title='bbox 812 1510 1242 1568; x_wconf 80' lang='lat' dir='ltr'>OEsrhoenornm,’</span> <span class='ocrx_word' id='word_1_72' title='bbox 1277 1512 1443 1576; x_wconf 76' lang='lat' dir='ltr'>qualis</span> <span class='ocrx_word' id='word_1_73' title='bbox 1483 1525 1562 1559; x_wconf 91' lang='lat' dir='ltr'>re-</span> 
     </span>
     <span class='ocr_line' id='line_1_16' title="bbox 502 1587 1564 1650; baseline 0 -14"><span class='ocrx_word' id='word_1_74' title='bbox 502 1602 624 1640; x_wconf 73' lang='lat' dir='ltr'>vera</span> <span class='ocrx_word' id='word_1_75' title='bbox 640 1587 929 1637; x_wconf 82' lang='lat' dir='ltr'>exstitisset</span> <span class='ocrx_word' id='word_1_76' title='bbox 953 1609 968 1650; x_wconf 78' lang='lat'>3</span> <span class='ocrx_word' id='word_1_77' title='bbox 1002 1588 1083 1637; x_wconf 77' lang='lat' dir='ltr'>vel</span> <span class='ocrx_word' id='word_1_78' title='bbox 1105 1588 1429 1637; x_wconf 81' lang='lat' dir='ltr'>librariorum</span> <span class='ocrx_word' id='word_1_79' title='bbox 1449 1599 1564 1637; x_wconf 80' lang='lat' dir='ltr'>esse</span> 
     </span>
     <span class='ocr_line' id='line_1_17' title="bbox 499 1663 1565 1728; baseline 0.001 -16"><span class='ocrx_word' id='word_1_80' title='bbox 499 1665 702 1723; x_wconf 67' lang='lat' dir='ltr'>aritium,</span> <span class='ocrx_word' id='word_1_81' title='bbox 727 1663 813 1725; x_wconf 86' lang='lat' dir='ltr'>qui</span> <span class='ocrx_word' id='word_1_82' title='bbox 839 1663 1100 1713; x_wconf 76' lang='lat' dir='ltr'>Persarum</span> <span class='ocrx_word' id='word_1_83' title='bbox 1130 1672 1434 1728; x_wconf 86' lang='lat' dir='ltr'>posuerunt,</span> <span class='ocrx_word' id='word_1_84' title='bbox 1470 1679 1565 1728; x_wconf 89' lang='lat' dir='ltr'>pro</span> 
     </span>
     <span class='ocr_line' id='line_1_18' title="bbox 503 1739 1565 1793; baseline 0.003 -6"><span class='ocrx_word' id='word_1_85' title='bbox 503 1739 1072 1793; x_wconf 76' lang='lat' dir='ltr'>Edessoe,Edessenm-um</span> <span class='ocrx_word' id='word_1_86' title='bbox 1088 1740 1169 1787; x_wconf 85' lang='lat' dir='ltr'>vei</span> <span class='ocrx_word' id='word_1_87' title='bbox 1187 1740 1565 1790; x_wconf 69' lang='lat' dir='ltr'>OEsrltoenorum.</span> 
     </span>
     <span class='ocr_line' id='line_1_19' title="bbox 497 1816 1566 1881; baseline 0.001 -14"><span class='ocrx_word' id='word_1_88' title='bbox 497 1816 607 1867; x_wconf 85' lang='lat' dir='ltr'>Sed</span> <span class='ocrx_word' id='word_1_89' title='bbox 641 1831 745 1865; x_wconf 88' lang='lat' dir='ltr'>non</span> <span class='ocrx_word' id='word_1_90' title='bbox 790 1817 1042 1880; x_wconf 75' lang='lat' dir='ltr'>cogitavit</span> <span class='ocrx_word' id='word_1_91' title='bbox 1080 1817 1161 1865; x_wconf 85' lang='lat' dir='ltr'>vir</span> <span class='ocrx_word' id='word_1_92' title='bbox 1196 1820 1566 1881; x_wconf 76' lang='lat' dir='ltr'>praestantissi·</span> 
     </span>
     <span class='ocr_line' id='line_1_20' title="bbox 503 1894 1567 1958; baseline 0.002 -16"><span class='ocrx_word' id='word_1_93' title='bbox 503 1909 618 1943; x_wconf 84' lang='lat' dir='ltr'>mus</span> <span class='ocrx_word' id='word_1_94' title='bbox 636 1908 782 1942; x_wconf 86' lang='lat' dir='ltr'>usum</span> <span class='ocrx_word' id='word_1_95' title='bbox 808 1894 945 1942; x_wconf 89' lang='lat' dir='ltr'>illius</span> <span class='ocrx_word' id='word_1_96' title='bbox 968 1894 1107 1943; x_wconf 87' lang='lat' dir='ltr'>vocis</span> <span class='ocrx_word' id='word_1_97' title='bbox 1126 1895 1264 1957; x_wconf 83' lang='lat' dir='ltr'>apud</span> <span class='ocrx_word' id='word_1_98' title='bbox 1289 1894 1567 1958; x_wconf 84' lang='lat' dir='ltr'>scriptores</span> 
     </span>
     <span class='ocr_line' id='line_1_21' title="bbox 503 1970 1568 2034; baseline 0.002 -16"><span class='ocrx_word' id='word_1_99' title='bbox 503 1971 664 2033; x_wconf 65' lang='lat' dir='ltr'>hujusr</span> <span class='ocrx_word' id='word_1_100' title='bbox 700 1971 967 2034; x_wconf 85' lang='lat' dir='ltr'>temporis,</span> <span class='ocrx_word' id='word_1_101' title='bbox 991 1971 1086 2033; x_wconf 80' lang='lat' dir='ltr'>qui‘</span> <span class='ocrx_word' id='word_1_102' title='bbox 1115 1970 1305 2030; x_wconf 75' lang='lat' dir='ltr'>Persas</span> <span class='ocrx_word' id='word_1_103' title='bbox 1345 1985 1438 2033; x_wconf 89' lang='lat' dir='ltr'>pro</span> <span class='ocrx_word' id='word_1_104' title='bbox 1475 1986 1568 2034; x_wconf 88' lang='lat' dir='ltr'>po-</span> 
     </span>
     <span class='ocr_line' id='line_1_22' title="bbox 505 2046 1567 2109; baseline 0.001 -15"><span class='ocrx_word' id='word_1_105' title='bbox 505 2047 642 2109; x_wconf 84' lang='lat' dir='ltr'>pulis</span> <span class='ocrx_word' id='word_1_106' title='bbox 661 2046 799 2096; x_wconf 86' lang='lat' dir='ltr'>Asiae</span> <span class='ocrx_word' id='word_1_107' title='bbox 815 2053 872 2095; x_wconf 89' lang='lat' dir='ltr'>et</span> <span class='ocrx_word' id='word_1_108' title='bbox 887 2046 1170 2108; x_wconf 64' lang='lat' dir='ltr'>presertim</span> <span class='ocrx_word' id='word_1_109' title='bbox 1196 2047 1411 2095; x_wconf 71' lang='lat' dir='ltr'>Parthis</span> <span class='ocrx_word' id='word_1_110' title='bbox 1431 2048 1567 2097; x_wconf 78' lang='lat' dir='ltr'>acci-</span> 
     </span>
     <span class='ocr_line' id='line_1_23' title="bbox 505 2122 1568 2186; baseline 0.002 -15"><span class='ocrx_word' id='word_1_111' title='bbox 505 2125 676 2186; x_wconf 83' lang='lat' dir='ltr'>piunt.</span> <span class='ocrx_word' id='word_1_112' title='bbox 731 2123 850 2174; x_wconf 75' lang='lat' dir='ltr'>Qua</span> <span class='ocrx_word' id='word_1_113' title='bbox 874 2124 938 2172; x_wconf 90' lang='lat' dir='ltr'>de</span> <span class='ocrx_word' id='word_1_114' title='bbox 962 2122 1339 2186; x_wconf 74' lang='lat' dir='ltr'>significatione</span> <span class='ocrx_word' id='word_1_115' title='bbox 1362 2138 1454 2172; x_wconf 86' lang='lat' dir='ltr'>nos</span> <span class='ocrx_word' id='word_1_116' title='bbox 1476 2125 1568 2173; x_wconf 84' lang='lat' dir='ltr'>ali-</span> 
     </span>
     <span class='ocr_line' id='line_1_24' title="bbox 509 2199 1569 2264; baseline -0.001 -15"><span class='ocrx_word' id='word_1_117' title='bbox 509 2200 633 2264; x_wconf 84' lang='lat' dir='ltr'>quid</span> <span class='ocrx_word' id='word_1_118' title='bbox 651 2215 810 2264; x_wconf 75' lang='lat' dir='ltr'>snpra</span> <span class='ocrx_word' id='word_1_119' title='bbox 827 2214 944 2263; x_wconf 78' lang='lat' dir='ltr'>cap.</span> <span class='ocrx_word' id='word_1_120' title='bbox 970 2201 1093 2263; x_wconf 81' lang='lat'>11.§</span> <span class='ocrx_word' id='word_1_121' title='bbox 1115 2203 1193 2248; x_wconf 89' lang='grc'><strong>11.</strong></span> <span class='ocrx_word' id='word_1_122' title='bbox 1209 2208 1266 2248; x_wconf 85' lang='lat' dir='ltr'>et</span> <span class='ocrx_word' id='word_1_123' title='bbox 1287 2199 1425 2249; x_wconf 76' lang='lat' dir='ltr'>alibi.</span> <span class='ocrx_word' id='word_1_124' title='bbox 1468 2201 1569 2249; x_wconf 90' lang='lat' dir='ltr'>Po·</span> 
     </span>
    </p>
   </div>
   <div class='ocr_carea' id='block_1_3' title="bbox 508 2269 1609 2339">
    <p class='ocr_par' dir='ltr' id='par_1_3' title="bbox 508 2269 1609 2339">
     <span class='ocr_line' id='line_1_25' title="bbox 508 2269 1609 2339; baseline 0 -14"><span class='ocrx_word' id='word_1_125' title='bbox 508 2279 612 2325; x_wconf 88' lang='lat' dir='ltr'>tuit</span> <span class='ocrx_word' id='word_1_126' title='bbox 646 2278 816 2339; x_wconf 83' lang='lat' dir='ltr'>‘igitur</span> <span class='ocrx_word' id='word_1_127' title='bbox 851 2290 983 2336; x_wconf 85' lang='lat' dir='ltr'>esse,</span> <span class='ocrx_word' id='word_1_128' title='bbox 1008 2281 1067 2324; x_wconf 86' lang='lat' dir='ltr'>ut</span> <span class='ocrx_word' id='word_1_129' title='bbox 1095 2277 1253 2324; x_wconf 71' lang='lat' dir='ltr'>latius</span> <span class='ocrx_word' id='word_1_130' title='bbox 1285 2275 1414 2324; x_wconf 87' lang='lat' dir='ltr'>fines</span> <span class='ocrx_word' id='word_1_131' title='bbox 1449 2291 1571 2325; x_wconf 87' lang='lat' dir='ltr'>suos</span> <span class='ocrx_word' id='word_1_132' title='bbox 1604 2269 1609 2276; x_wconf 55' lang='lat'><em>⁶</em></span> 
     </span>
    </p>
   </div>
   <div class='ocr_carea' id='block_1_4' title="bbox 484 2352 1589 4404">
    <p class='ocr_par' dir='ltr' id='par_1_4' title="bbox 484 2352 1589 4404">
     <span class='ocr_line' id='line_1_26' title="bbox 507 2352 1572 2416; baseline -0.004 -12"><span class='ocrx_word' id='word_1_133' title='bbox 507 2354 594 2404; x_wconf 83' lang='lat' dir='ltr'>hic</span> <span class='ocrx_word' id='word_1_134' title='bbox 619 2367 713 2401; x_wconf 83' lang='lat' dir='ltr'>rex</span> <span class='ocrx_word' id='word_1_135' title='bbox 746 2352 1065 2414; x_wconf 78' lang='lat' dir='ltr'>prorogarit,</span> <span class='ocrx_word' id='word_1_136' title='bbox 1088 2365 1237 2415; x_wconf 81' lang='lat' dir='ltr'>qnam</span> <span class='ocrx_word' id='word_1_137' title='bbox 1260 2352 1466 2416; x_wconf 88' lang='lat' dir='ltr'>quidem</span> <span class='ocrx_word' id='word_1_138' title='bbox 1492 2352 1572 2401; x_wconf 89' lang='lat' dir='ltr'>sui</span> 
     </span>
     <span class='ocr_line' id='line_1_27' title="bbox 511 2418 1573 2492; baseline 0 -16"><span class='ocrx_word' id='word_1_139' title='bbox 511 2418 871 2492; x_wconf 66' lang='lat' dir='ltr'>praecessores.</span> <span class='ocrx_word' id='word_1_140' title='bbox 933 2425 1127 2475; x_wconf 84' lang='lat' dir='ltr'>Admisi</span> <span class='ocrx_word' id='word_1_141' title='bbox 1148 2428 1310 2490; x_wconf 80' lang='lat' dir='ltr'>igitur</span> <span class='ocrx_word' id='word_1_142' title='bbox 1332 2435 1454 2490; x_wconf 88' lang='lat' dir='ltr'>post</span> <span class='ocrx_word' id='word_1_143' title='bbox 1477 2428 1573 2477; x_wconf 80' lang='lat' dir='ltr'>ali-</span> 
     </span>
     <span class='ocr_line' id='line_1_28' title="bbox 510 2503 1572 2559; baseline -0.001 -5"><span class='ocrx_word' id='word_1_144' title='bbox 510 2519 587 2559; x_wconf 88' lang='lat' dir='ltr'>os,</span> <span class='ocrx_word' id='word_1_145' title='bbox 627 2512 736 2554; x_wconf 81' lang='lat' dir='ltr'>tum</span> <span class='ocrx_word' id='word_1_146' title='bbox 772 2504 929 2553; x_wconf 79' lang='lat' dir='ltr'>etiam</span> <span class='ocrx_word' id='word_1_147' title='bbox 970 2505 1265 2553; x_wconf 80' lang='lat' dir='ltr'>Boeclerurn</span> <span class='ocrx_word' id='word_1_148' title='bbox 1303 2505 1366 2553; x_wconf 82' lang='lat' dir='ltr'>sd</span> <span class='ocrx_word' id='word_1_149' title='bbox 1401 2503 1572 2554; x_wconf 85' lang='lat' dir='ltr'>Hero-</span> 
     </span>
     <span class='ocr_line' id='line_1_29' title="bbox 509 2580 1571 2645; baseline -0.001 -15"><span class='ocrx_word' id='word_1_150' title='bbox 509 2583 652 2630; x_wconf 76' lang='lat' dir='ltr'>dian.</span> <span class='ocrx_word' id='word_1_151' title='bbox 690 2594 775 2630; x_wconf 80' lang='grc' dir='ltr'><strong>ιιι.</strong></span> <span class='ocrx_word' id='word_1_152' title='bbox 808 2585 860 2631; x_wconf 99' lang='grc'><strong>9.</strong></span> <span class='ocrx_word' id='word_1_153' title='bbox 895 2583 1009 2645; x_wconf 79' lang='lat'>§·5.</span> <span class='ocrx_word' id='word_1_154' title='bbox 1039 2580 1254 2642; x_wconf 78' lang='lat' dir='ltr'>Abgaro.</span> <span class='ocrx_word' id='word_1_155' title='bbox 1326 2581 1571 2631; x_wconf 77' lang='lat' dir='ltr'><strong>Attamen</strong></span> 
     </span>
     <span class='ocr_line' id='line_1_30' title="bbox 512 2658 1572 2707; baseline -0.002 0"><span class='ocrx_word' id='word_1_156' title='bbox 512 2665 701 2707; x_wconf 79' lang='lat' dir='ltr'>contre</span> <span class='ocrx_word' id='word_1_157' title='bbox 750 2658 885 2706; x_wconf 77' lang='lat' dir='ltr'>hanc</span> <span class='ocrx_word' id='word_1_158' title='bbox 943 2658 1223 2706; x_wconf 85' lang='lat' dir='ltr'>lectionem</span> <span class='ocrx_word' id='word_1_159' title='bbox 1278 2671 1342 2706; x_wconf 78' lang='lat' dir='ltr'>ea</span> <span class='ocrx_word' id='word_1_160' title='bbox 1374 2658 1572 2706; x_wconf 82' lang='lat' dir='ltr'>moveri</span> 
     </span>
     <span class='ocr_line' id='line_1_31' title="bbox 512 2732 1573 2797; baseline 0 -14"><span class='ocrx_word' id='word_1_161' title='bbox 512 2742 692 2797; x_wconf 84' lang='lat' dir='ltr'>posset</span> <span class='ocrx_word' id='word_1_162' title='bbox 727 2732 1020 2787; x_wconf 79' lang='lat' dir='ltr'>difficultas,</span> <span class='ocrx_word' id='word_1_163' title='bbox 1048 2732 1185 2797; x_wconf 88' lang='lat' dir='ltr'>quod</span> <span class='ocrx_word' id='word_1_164' title='bbox 1224 2733 1363 2796; x_wconf 76' lang='lat' dir='ltr'>apud</span> <span class='ocrx_word' id='word_1_165' title='bbox 1401 2733 1573 2783; x_wconf 87' lang='lat' dir='ltr'>Hero-</span> 
     </span>
     <span class='ocr_line' id='line_1_32' title="bbox 506 2809 1572 2864; baseline 0.002 -6"><span class='ocrx_word' id='word_1_166' title='bbox 506 2812 654 2864; x_wconf 83' lang='lat' dir='ltr'>·dian.</span> <span class='ocrx_word' id='word_1_167' title='bbox 677 2812 712 2859; x_wconf 85' lang='lat' dir='ltr'>l.</span> <span class='ocrx_word' id='word_1_168' title='bbox 734 2809 875 2859; x_wconf 84' lang='lat' dir='ltr'>laud.</span> <span class='ocrx_word' id='word_1_169' title='bbox 908 2809 1113 2858; x_wconf 80' lang='lat' dir='ltr'>dicatur</span> <span class='ocrx_word' id='word_1_170' title='bbox 1147 2810 1343 2860; x_wconf 84' lang='lat' dir='ltr'>Severo</span> <span class='ocrx_word' id='word_1_171' title='bbox 1365 2810 1572 2860; x_wconf 80' lang='lat' dir='ltr'>obsides</span> 
     </span>
     <span class='ocr_line' id='line_1_33' title="bbox 515 2884 1574 2951; baseline 0.003 -18"><span class='ocrx_word' id='word_1_172' title='bbox 515 2886 718 2935; x_wconf 75' lang='lat' dir='ltr'>dedisse</span> <span class='ocrx_word' id='word_1_173' title='bbox 740 2884 893 2946; x_wconf 86' lang='lat' dir='ltr'>filios,</span> <span class='ocrx_word' id='word_1_174' title='bbox 916 2901 1256 2951; x_wconf 78' lang='lat' dir='ltr'>magnumque</span> <span class='ocrx_word' id='word_1_175' title='bbox 1279 2887 1574 2950; x_wconf 73' lang='lat' dir='ltr'>sagittario·</span> 
     </span>
     <span class='ocr_line' id='line_1_34' title="bbox 515 2962 1575 3012; baseline 0.002 -2"><span class='ocrx_word' id='word_1_176' title='bbox 515 2976 628 3011; x_wconf 88' lang='lat' dir='ltr'>rum</span> <span class='ocrx_word' id='word_1_177' title='bbox 649 2976 915 3010; x_wconf 85' lang='lat' dir='ltr'>numerum</span> <span class='ocrx_word' id='word_1_178' title='bbox 940 2962 1129 3011; x_wconf 82' lang='lat' dir='ltr'>auxilio</span> <span class='ocrx_word' id='word_1_179' title='bbox 1148 2963 1363 3012; x_wconf 79' lang='lat' dir='ltr'>misisse.</span> <span class='ocrx_word' id='word_1_180' title='bbox 1428 2963 1575 3012; x_wconf 80' lang='lat' dir='ltr'>Prae-</span> 
     </span>
     <span class='ocr_line' id='line_1_35' title="bbox 516 3038 1576 3103; baseline 0 -15"><span class='ocrx_word' id='word_1_181' title='bbox 516 3048 663 3089; x_wconf 77' lang='lat' dir='ltr'>teres</span> <span class='ocrx_word' id='word_1_182' title='bbox 702 3038 839 3103; x_wconf 90' lang='lat' dir='ltr'>quod</span> <span class='ocrx_word' id='word_1_183' title='bbox 874 3039 925 3086; x_wconf 87' lang='lat' dir='ltr'>in</span> <span class='ocrx_word' id='word_1_184' title='bbox 963 3040 1182 3087; x_wconf 77' lang='lat' dir='ltr'>nummis</span> <span class='ocrx_word' id='word_1_185' title='bbox 1220 3040 1385 3089; x_wconf 78' lang='lat' dir='ltr'>nostri</span> <span class='ocrx_word' id='word_1_186' title='bbox 1419 3038 1576 3101; x_wconf 87' lang='lat' dir='ltr'>Inpe-</span> 
     </span>
     <span class='ocr_line' id='line_1_36' title="bbox 515 3114 1578 3177; baseline -0.001 -13"><span class='ocrx_word' id='word_1_187' title='bbox 515 3116 704 3164; x_wconf 80' lang='lat' dir='ltr'>retoris</span> <span class='ocrx_word' id='word_1_188' title='bbox 725 3114 1010 3165; x_wconf 83' lang='lat' dir='ltr'>honorifice</span> <span class='ocrx_word' id='word_1_189' title='bbox 1032 3129 1238 3177; x_wconf 77' lang='lat' dir='ltr'>semper</span> <span class='ocrx_word' id='word_1_190' title='bbox 1260 3115 1326 3164; x_wconf 91' lang='lat' dir='ltr'>de</span> <span class='ocrx_word' id='word_1_191' title='bbox 1349 3130 1412 3163; x_wconf 92' lang='lat' dir='ltr'>eo</span> <span class='ocrx_word' id='word_1_192' title='bbox 1435 3129 1578 3163; x_wconf 84' lang='lat' dir='ltr'>men·</span> 
     </span>
     <span class='ocr_line' id='line_1_37' title="bbox 517 3193 1578 3254; baseline -0.001 -13"><span class='ocrx_word' id='word_1_193' title='bbox 517 3193 593 3242; x_wconf 86' lang='lat' dir='ltr'>tio</span> <span class='ocrx_word' id='word_1_194' title='bbox 632 3200 899 3254; x_wconf 84' lang='lat' dir='ltr'>occurrat,</span> <span class='ocrx_word' id='word_1_195' title='bbox 919 3199 979 3239; x_wconf 90' lang='lat' dir='ltr'>ut</span> <span class='ocrx_word' id='word_1_196' title='bbox 1013 3197 1209 3241; x_wconf 82' lang='lat' dir='ltr'>BACIA.</span> <span class='ocrx_word' id='word_1_197' title='bbox 1242 3196 1383 3241; x_wconf 70' lang='lat' dir='ltr'>mr.</span> <span class='ocrx_word' id='word_1_198' title='bbox 1404 3195 1578 3240; x_wconf 70' lang='grc' dir='ltr'><strong>ΑΒΓΔ·</strong></span> 
     </span>
     <span class='ocr_line' id='line_1_38' title="bbox 518 3267 1580 3330; baseline -0.002 -13"><span class='ocrx_word' id='word_1_199' title='bbox 518 3274 655 3317; x_wconf 81' lang='lat' dir='ltr'>POC.</span> <span class='ocrx_word' id='word_1_200' title='bbox 720 3267 836 3316; x_wconf 86' lang='lat' dir='ltr'>Rex</span> <span class='ocrx_word' id='word_1_201' title='bbox 880 3281 1111 3330; x_wconf 81' lang='lat' dir='ltr'>magnus,</span> <span class='ocrx_word' id='word_1_202' title='bbox 1149 3269 1233 3316; x_wconf 83' lang='lat' dir='ltr'>vel</span> <span class='ocrx_word' id='word_1_203' title='bbox 1272 3269 1580 3330; x_wconf 87' lang='lat' dir='ltr'>simpliciter</span> 
     </span>
     <span class='ocr_line' id='line_1_39' title="bbox 519 3346 1581 3409; baseline -0.002 -12"><span class='ocrx_word' id='word_1_204' title='bbox 519 3349 837 3397; x_wconf 80' lang='lat' dir='ltr'>BACIAEUC.</span> <span class='ocrx_word' id='word_1_205' title='bbox 870 3346 960 3409; x_wconf 89' lang='lat' dir='ltr'>qui</span> <span class='ocrx_word' id='word_1_206' title='bbox 994 3346 1177 3395; x_wconf 87' lang='lat' dir='ltr'>titulus</span> <span class='ocrx_word' id='word_1_207' title='bbox 1199 3346 1419 3395; x_wconf 81' lang='lat' dir='ltr'>devictis</span> <span class='ocrx_word' id='word_1_208' title='bbox 1445 3347 1581 3409; x_wconf 80' lang='lat' dir='ltr'>regi-</span> 
     </span>
     <span class='ocr_line' id='line_1_40' title="bbox 520 3421 1579 3473; baseline -0.001 0"><span class='ocrx_word' id='word_1_209' title='bbox 520 3426 617 3473; x_wconf 86' lang='lat' dir='ltr'>bus</span> <span class='ocrx_word' id='word_1_210' title='bbox 642 3427 744 3471; x_wconf 82' lang='lat' dir='ltr'>non</span> <span class='ocrx_word' id='word_1_211' title='bbox 769 3422 1008 3471; x_wconf 77' lang='lat' dir='ltr'>dabatur.</span> <span class='ocrx_word' id='word_1_212' title='bbox 1041 3422 1144 3470; x_wconf 86' lang='lat' dir='ltr'>Sed</span> <span class='ocrx_word' id='word_1_213' title='bbox 1165 3421 1437 3471; x_wconf 87' lang='lat' dir='ltr'>dicendum</span> <span class='ocrx_word' id='word_1_214' title='bbox 1461 3436 1579 3472; x_wconf 88' lang='lat' dir='ltr'>eum</span> 
     </span>
     <span class='ocr_line' id='line_1_41' title="bbox 520 3498 1580 3561; baseline -0.005 -13"><span class='ocrx_word' id='word_1_215' title='bbox 520 3501 573 3548; x_wconf 88' lang='lat' dir='ltr'>in</span> <span class='ocrx_word' id='word_1_216' title='bbox 595 3498 700 3547; x_wconf 84' lang='lat' dir='ltr'>fide</span> <span class='ocrx_word' id='word_1_217' title='bbox 722 3512 824 3546; x_wconf 91' lang='lat' dir='ltr'>non</span> <span class='ocrx_word' id='word_1_218' title='bbox 862 3498 1105 3546; x_wconf 80' lang='lat' dir='ltr'>mansisse</span> <span class='ocrx_word' id='word_1_219' title='bbox 1128 3506 1182 3548; x_wconf 86' lang='lat' dir='ltr'>et</span> <span class='ocrx_word' id='word_1_220' title='bbox 1206 3508 1321 3561; x_wconf 79' lang='lat' dir='ltr'>post</span> <span class='ocrx_word' id='word_1_221' title='bbox 1344 3500 1580 3548; x_wconf 80' lang='lat' dir='ltr'>mota‘in.</span> 
     </span>
     <span class='ocr_line' id='line_1_42' title="bbox 521 3574 1581 3626; baseline 0.002 -4"><span class='ocrx_word' id='word_1_222' title='bbox 521 3574 746 3624; x_wconf 80' lang='lat' dir='ltr'>feliciter</span> <span class='ocrx_word' id='word_1_223' title='bbox 783 3588 927 3621; x_wconf 77' lang='lat' dir='ltr'>arma</span> <span class='ocrx_word' id='word_1_224' title='bbox 960 3587 1075 3621; x_wconf 88' lang='lat' dir='ltr'>esse</span> <span class='ocrx_word' id='word_1_225' title='bbox 1113 3574 1395 3624; x_wconf 82' lang='lat' dir='ltr'>devictum.</span> <span class='ocrx_word' id='word_1_226' title='bbox 1463 3575 1581 3626; x_wconf 78' lang='lat' dir='ltr'>Qus</span> 
     </span>
     <span class='ocr_line' id='line_1_43' title="bbox 522 3647 1587 3716; baseline 0.001 -17"><span class='ocrx_word' id='word_1_227' title='bbox 522 3653 575 3699; x_wconf 91' lang='lat' dir='ltr'>in</span> <span class='ocrx_word' id='word_1_228' title='bbox 625 3650 866 3713; x_wconf 89' lang='lat' dir='ltr'>opinione</span> <span class='ocrx_word' id='word_1_229' title='bbox 905 3647 1177 3699; x_wconf 73' lang='lat' dir='ltr'>confirmat</span> <span class='ocrx_word' id='word_1_230' title='bbox 1221 3664 1303 3698; x_wconf 90' lang='lat' dir='ltr'>me</span> <span class='ocrx_word' id='word_1_231' title='bbox 1347 3656 1587 3716; x_wconf 59' lang='lat' dir='ltr'>nummus</span> 
     </span>
     <span class='ocr_line' id='line_1_44' title="bbox 523 3724 1582 3790; baseline 0.003 -15"><span class='ocrx_word' id='word_1_232' title='bbox 523 3727 661 3789; x_wconf 72' lang='lat' dir='ltr'>apud</span> <span class='ocrx_word' id='word_1_233' title='bbox 686 3727 948 3790; x_wconf 82' lang='lat' dir='ltr'>Begerum</span> <span class='ocrx_word' id='word_1_234' title='bbox 968 3724 1127 3775; x_wconf 84' lang='lat' dir='ltr'>Thes.</span> <span class='ocrx_word' id='word_1_235' title='bbox 1150 3727 1345 3778; x_wconf 73' lang='lat' dir='ltr'>Brund.</span> <span class='ocrx_word' id='word_1_236' title='bbox 1368 3735 1492 3779; x_wconf 87' lang='lat' dir='ltr'>tom.</span> <span class='ocrx_word' id='word_1_237' title='bbox 1518 3742 1582 3778; x_wconf 82' lang='grc' dir='ltr'>ιι.</span> 
     </span>
     <span class='ocr_line' id='line_1_45' title="bbox 484 3802 1584 3867; baseline -0.001 -15"><span class='ocrx_word' id='word_1_238' title='bbox 484 3857 488 3867; x_wconf 56' lang='grc'><em>,</em></span> <span class='ocrx_word' id='word_1_239' title='bbox 527 3820 580 3867; x_wconf 90' lang='lat' dir='ltr'>p.</span> <span class='ocrx_word' id='word_1_240' title='bbox 604 3807 718 3853; x_wconf 78' lang='lat'>693.</span> <span class='ocrx_word' id='word_1_241' title='bbox 750 3802 802 3851; x_wconf 90' lang='lat' dir='ltr'>in</span> <span class='ocrx_word' id='word_1_242' title='bbox 824 3817 926 3866; x_wconf 82' lang='lat' dir='ltr'>quo</span> <span class='ocrx_word' id='word_1_243' title='bbox 965 3802 1031 3850; x_wconf 80' lang='lat' dir='ltr'>sb</span> <span class='ocrx_word' id='word_1_244' title='bbox 1071 3817 1174 3851; x_wconf 86' lang='lat' dir='ltr'>una</span> <span class='ocrx_word' id='word_1_245' title='bbox 1208 3810 1359 3865; x_wconf 80' lang='lat' dir='ltr'>parte</span> <span class='ocrx_word' id='word_1_246' title='bbox 1395 3804 1584 3865; x_wconf 77' lang='lat' dir='ltr'>legitur</span> 
     </span>
     <span class='ocr_line' id='line_1_46' title="bbox 526 3891 1585 3929; baseline 0 0"><span class='ocrx_word' id='word_1_247' title='bbox 526 3892 675 3929; x_wconf 67' lang='lat' dir='ltr'>snm.</span> <span class='ocrx_word' id='word_1_248' title='bbox 720 3891 836 3928; x_wconf 67' lang='lat' dir='ltr'>sev,</span> <span class='ocrx_word' id='word_1_249' title='bbox 1095 3892 1181 3928; x_wconf 80' lang='lat' dir='ltr'>xt.</span> <span class='ocrx_word' id='word_1_250' title='bbox 1219 3892 1390 3929; x_wconf 71' lang='lat' dir='ltr'>PART.</span> <span class='ocrx_word' id='word_1_251' title='bbox 1437 3893 1585 3929; x_wconf 74' lang='lat' dir='ltr'>nux.</span> 
     </span>
     <span class='ocr_line' id='line_1_47' title="bbox 527 3954 1585 4020; baseline 0.001 -16"><span class='ocrx_word' id='word_1_252' title='bbox 527 3971 643 4020; x_wconf 76' lang='lat' dir='ltr'>quae</span> <span class='ocrx_word' id='word_1_253' title='bbox 667 3956 857 4004; x_wconf 84' lang='lat' dir='ltr'>litterae</span> <span class='ocrx_word' id='word_1_254' title='bbox 879 3954 1164 4017; x_wconf 83' lang='lat' dir='ltr'>respiciunt</span> <span class='ocrx_word' id='word_1_255' title='bbox 1196 3957 1260 4005; x_wconf 81' lang='lat' dir='ltr'>ad</span> <span class='ocrx_word' id='word_1_256' title='bbox 1296 3970 1585 4019; x_wconf 78' lang='lat' dir='ltr'>cognomen</span> 
     </span>
     <span class='ocr_line' id='line_1_48' title="bbox 529 4028 1587 4094; baseline -0.001 -12"><span class='ocrx_word' id='word_1_257' title='bbox 529 4034 548 4065; x_wconf 81' lang='lat'>⁸</span> <span class='ocrx_word' id='word_1_258' title='bbox 571 4031 800 4082; x_wconf 76' lang='lat' dir='ltr'>Parthici</span> <span class='ocrx_word' id='word_1_259' title='bbox 816 4028 851 4089; x_wconf 74' lang='grc' dir='ltr'>ς’</span> <span class='ocrx_word' id='word_1_260' title='bbox 873 4032 927 4079; x_wconf 90' lang='lat' dir='ltr'>in</span> <span class='ocrx_word' id='word_1_261' title='bbox 949 4033 1118 4080; x_wconf 69' lang='lat' dir='ltr'>altera</span> <span class='ocrx_word' id='word_1_262' title='bbox 1138 4039 1287 4093; x_wconf 76' lang='lat' dir='ltr'>perte</span> <span class='ocrx_word' id='word_1_263' title='bbox 1307 4031 1587 4094; x_wconf 82' lang='lat' dir='ltr'>Inperator</span> 
     </span>
     <span class='ocr_line' id='line_1_49' title="bbox 529 4108 1585 4172; baseline 0.002 -15"><span class='ocrx_word' id='word_1_264' title='bbox 529 4124 666 4172; x_wconf 85' lang='lat' dir='ltr'>equo</span> <span class='ocrx_word' id='word_1_265' title='bbox 704 4108 929 4157; x_wconf 83' lang='lat' dir='ltr'>insidens</span> <span class='ocrx_word' id='word_1_266' title='bbox 972 4117 1289 4170; x_wconf 80' lang='lat' dir='ltr'>prostratum</span> <span class='ocrx_word' id='word_1_267' title='bbox 1328 4109 1585 4159; x_wconf 86' lang='lat' dir='ltr'>hominem</span> 
     </span>
     <span class='ocr_line' id='line_1_50' title="bbox 530 4184 1587 4248; baseline 0.001 -14"><span class='ocrx_word' id='word_1_268' title='bbox 530 4186 650 4234; x_wconf 82' lang='lat' dir='ltr'>telo</span> <span class='ocrx_word' id='word_1_269' title='bbox 686 4184 909 4234; x_wconf 76' lang='lat' dir='ltr'>minatur</span> <span class='ocrx_word' id='word_1_270' title='bbox 943 4198 1059 4231; x_wconf 87' lang='lat' dir='ltr'>cum</span> <span class='ocrx_word' id='word_1_271' title='bbox 1112 4184 1211 4233; x_wconf 78' lang='lat' dir='ltr'>hec</span> <span class='ocrx_word' id='word_1_272' title='bbox 1249 4184 1587 4248; x_wconf 80' lang='lat' dir='ltr'>inscriptione</span> 
     </span>
     <span class='ocr_line' id='line_1_51' title="bbox 535 4259 1588 4324; baseline 0.002 -13"><span class='ocrx_word' id='word_1_273' title='bbox 535 4274 755 4311; x_wconf 67' lang='lat' dir='ltr'>vrnwvs.</span> <span class='ocrx_word' id='word_1_274' title='bbox 775 4273 911 4310; x_wconf 68' lang='lat' dir='ltr'>Ave.</span> <span class='ocrx_word' id='word_1_275' title='bbox 979 4259 1084 4310; x_wconf 86' lang='lat' dir='ltr'>Hic</span> <span class='ocrx_word' id='word_1_276' title='bbox 1117 4268 1411 4324; x_wconf 81' lang='lat' dir='ltr'>prostratus</span> <span class='ocrx_word' id='word_1_277' title='bbox 1448 4264 1588 4313; x_wconf 87' lang='lat' dir='ltr'>idem</span> 
     </span>
     <span class='ocr_line' id='line_1_52' title="bbox 532 4336 1589 4404; baseline 0.001 -14"><span class='ocrx_word' id='word_1_278' title='bbox 532 4339 635 4390; x_wconf 82' lang='lat' dir='ltr'>erit</span> <span class='ocrx_word' id='word_1_279' title='bbox 666 4340 683 4367; x_wconf 80' lang='lat'><strong><em>⁴</em></strong></span> <span class='ocrx_word' id='word_1_280' title='bbox 704 4336 981 4403; x_wconf 67' lang='lat' dir='ltr'>Augai-us:</span> <span class='ocrx_word' id='word_1_281' title='bbox 1030 4338 1169 4404; x_wconf 86' lang='lat' dir='ltr'>quod</span> <span class='ocrx_word' id='word_1_282' title='bbox 1211 4353 1280 4391; x_wconf 80' lang='lat' dir='ltr'>ex</span> <span class='ocrx_word' id='word_1_283' title='bbox 1323 4340 1460 4391; x_wconf 74' lang='lat' dir='ltr'>tiara</span> <span class='ocrx_word' id='word_1_284' title='bbox 1494 4354 1589 4392; x_wconf 86' lang='lat' dir='ltr'>seu</span> 
     </span>
    </p>
   </div>
   <div class='ocr_carea' id='block_1_5' title="bbox 1183 375 1989 426">
    <p class='ocr_par' dir='ltr' id='par_1_5' title="bbox 1183 375 1989 426">
     <span class='ocr_line' id='line_1_53' title="bbox 1183 375 1989 426; baseline 0.001 -2"><span class='ocrx_word' id='word_1_285' title='bbox 1183 376 1399 425; x_wconf 72' lang='lat' dir='ltr'>Nom:</span> <span class='ocrx_word' id='word_1_286' title='bbox 1448 377 1490 422; x_wconf 78' lang='lat' dir='ltr'><strong>V</strong></span> <span class='ocrx_word' id='word_1_287' title='bbox 1504 375 1858 426; x_wconf 64' lang='lat' dir='ltr'>Amulium</span> <span class='ocrx_word' id='word_1_288' title='bbox 1910 377 1989 425; x_wconf 77' lang='lat' dir='ltr'>nt</span> 
     </span>
    </p>
   </div>
   <div class='ocr_carea' id='block_1_6' title="bbox 1628 516 2694 1879">
    <p class='ocr_par' dir='ltr' id='par_1_6' title="bbox 1628 516 2667 1191">
     <span class='ocr_line' id='line_1_54' title="bbox 1629 516 2661 581; baseline 0.007 -16"><span class='ocrx_word' id='word_1_289' title='bbox 1629 522 1898 580; x_wconf 68' lang='lat' dir='ltr'>tegmento</span> <span class='ocrx_word' id='word_1_290' title='bbox 1928 516 2118 581; x_wconf 71' lang='lat' dir='ltr'>capitis</span> <span class='ocrx_word' id='word_1_291' title='bbox 2146 518 2362 581; x_wconf 69' lang='lat' dir='ltr'>colligo,</span> <span class='ocrx_word' id='word_1_292' title='bbox 2394 532 2507 569; x_wconf 71' lang='lat' dir='ltr'>nam</span> <span class='ocrx_word' id='word_1_293' title='bbox 2531 525 2583 571; x_wconf 86' lang='lat' dir='ltr'>et</span> <span class='ocrx_word' id='word_1_294' title='bbox 2606 535 2661 572; x_wconf 79' lang='lat' dir='ltr'>es</span> 
     </span>
     <span class='ocr_line' id='line_1_55' title="bbox 1628 594 2663 659; baseline 0.006 -17"><span class='ocrx_word' id='word_1_295' title='bbox 1628 601 1818 643; x_wconf 71' lang='lat' dir='ltr'>ornatu</span> <span class='ocrx_word' id='word_1_296' title='bbox 1841 594 1893 643; x_wconf 93' lang='lat' dir='ltr'>in</span> <span class='ocrx_word' id='word_1_297' title='bbox 1912 595 2107 646; x_wconf 81' lang='lat' dir='ltr'>ceteris</span> <span class='ocrx_word' id='word_1_298' title='bbox 2129 596 2347 644; x_wconf 78' lang='lat' dir='ltr'>nummis</span> <span class='ocrx_word' id='word_1_299' title='bbox 2380 596 2663 659; x_wconf 66' lang='lat' dir='ltr'>depingitur</span> 
     </span>
     <span class='ocr_line' id='line_1_56' title="bbox 1629 668 2663 733; baseline 0.007 -16"><span class='ocrx_word' id='word_1_300' title='bbox 1629 676 1690 718; x_wconf 86' lang='lat' dir='ltr'>ut</span> <span class='ocrx_word' id='word_1_301' title='bbox 1712 668 1851 733; x_wconf 76' lang='lat' dir='ltr'>apud</span> <span class='ocrx_word' id='word_1_302' title='bbox 1886 669 2084 733; x_wconf 79' lang='lat' dir='ltr'>Spenh.</span> <span class='ocrx_word' id='word_1_303' title='bbox 2121 670 2265 720; x_wconf 89' lang='lat' dir='ltr'>dicto</span> <span class='ocrx_word' id='word_1_304' title='bbox 2297 671 2413 721; x_wconf 83' lang='lat' dir='ltr'>loco</span> <span class='ocrx_word' id='word_1_305' title='bbox 2442 680 2501 722; x_wconf 81' lang='lat' dir='ltr'>et</span> <span class='ocrx_word' id='word_1_306' title='bbox 2533 674 2663 723; x_wconf 82' lang='lat' dir='ltr'>Psti-</span> 
     </span>
     <span class='ocr_line' id='line_1_57' title="bbox 1629 745 2665 809; baseline 0.006 -16"><span class='ocrx_word' id='word_1_307' title='bbox 1629 758 1749 793; x_wconf 89' lang='lat' dir='ltr'>num</span> <span class='ocrx_word' id='word_1_308' title='bbox 1773 746 1825 794; x_wconf 90' lang='lat' dir='ltr'>in</span> <span class='ocrx_word' id='word_1_309' title='bbox 1849 745 2008 796; x_wconf 85' lang='lat' dir='ltr'>Num.</span> <span class='ocrx_word' id='word_1_310' title='bbox 2028 745 2202 809; x_wconf 79' lang='lat' dir='ltr'>Inper.</span> <span class='ocrx_word' id='word_1_311' title='bbox 2225 762 2280 809; x_wconf 87' lang='lat' dir='ltr'>p.</span> <span class='ocrx_word' id='word_1_312' title='bbox 2302 762 2370 795; x_wconf 83' lang='lat' dir='ltr'>m.</span> <span class='ocrx_word' id='word_1_313' title='bbox 2391 751 2511 798; x_wconf 67' lang='lat'>284.</span> <span class='ocrx_word' id='word_1_314' title='bbox 2526 749 2665 799; x_wconf 83' lang='lat' dir='ltr'>lstius</span> 
     </span>
     <span class='ocr_line' id='line_1_58' title="bbox 1630 820 2667 888; baseline 0.006 -18"><span class='ocrx_word' id='word_1_315' title='bbox 1630 827 1800 885; x_wconf 75' lang='lat' dir='ltr'>potet.</span> <span class='ocrx_word' id='word_1_316' title='bbox 1864 820 2016 870; x_wconf 84' lang='lat' dir='ltr'>Adde</span> <span class='ocrx_word' id='word_1_317' title='bbox 2039 822 2260 872; x_wconf 73' lang='lat' dir='ltr'>Csssub.</span> <span class='ocrx_word' id='word_1_318' title='bbox 2288 824 2351 873; x_wconf 80' lang='lat' dir='ltr'>sd</span> <span class='ocrx_word' id='word_1_319' title='bbox 2385 825 2552 888; x_wconf 72' lang='lat' dir='ltr'>Capit.</span> <span class='ocrx_word' id='word_1_320' title='bbox 2572 826 2667 875; x_wconf 83' lang='lat' dir='ltr'>An·</span> 
     </span>
     <span class='ocr_line' id='line_1_59' title="bbox 1630 900 2668 965; baseline 0.003 -15"><span class='ocrx_word' id='word_1_321' title='bbox 1630 907 1738 950; x_wconf 87' lang='lat' dir='ltr'>ton.</span> <span class='ocrx_word' id='word_1_322' title='bbox 1771 900 1872 949; x_wconf 90' lang='lat' dir='ltr'>Pio</span> <span class='ocrx_word' id='word_1_323' title='bbox 1909 915 2026 963; x_wconf 76' lang='lat' dir='ltr'>cap.</span> <span class='ocrx_word' id='word_1_324' title='bbox 2064 904 2115 950; x_wconf 84' lang='grc'><strong>9.</strong></span> <span class='ocrx_word' id='word_1_325' title='bbox 2159 909 2215 950; x_wconf 79' lang='lat' dir='ltr'>ot</span> <span class='ocrx_word' id='word_1_326' title='bbox 2249 901 2314 951; x_wconf 80' lang='lat' dir='ltr'>sd</span> <span class='ocrx_word' id='word_1_327' title='bbox 2359 904 2534 965; x_wconf 64' lang='lat' dir='ltr'>Spart.</span> <span class='ocrx_word' id='word_1_328' title='bbox 2563 907 2668 954; x_wconf 83' lang='lat' dir='ltr'>Sev.</span> 
     </span>
     <span class='ocr_line' id='line_1_60' title="bbox 1629 976 2676 1044; baseline 0.004 -20"><span class='ocrx_word' id='word_1_329' title='bbox 1629 990 1746 1038; x_wconf 68' lang='lat' dir='ltr'>cap.</span> <span class='ocrx_word' id='word_1_330' title='bbox 1770 979 1850 1025; x_wconf 85' lang='lat'>18.</span> <span class='ocrx_word' id='word_1_331' title='bbox 1890 976 2081 1040; x_wconf 78' lang='lat' dir='ltr'>Scalig·</span> <span class='ocrx_word' id='word_1_332' title='bbox 2114 977 2394 1027; x_wconf 70' lang='lat' dir='ltr'>tdEuseb.</span> <span class='ocrx_word' id='word_1_333' title='bbox 2427 980 2608 1030; x_wconf 70' lang='lat' dir='ltr'>chrum</span> <span class='ocrx_word' id='word_1_334' title='bbox 2627 997 2676 1044; x_wconf 87' lang='lat' dir='ltr'>p.</span> 
     </span>
     <span class='ocr_line' id='line_1_61' title="bbox 1630 1049 2673 1112; baseline 0.007 -14"><span class='ocrx_word' id='word_1_335' title='bbox 1630 1053 1746 1099; x_wconf 74' lang='grc'><strong>281.</strong></span> <span class='ocrx_word' id='word_1_336' title='bbox 1777 1057 1834 1100; x_wconf 85' lang='lat' dir='ltr'>et</span> <span class='ocrx_word' id='word_1_337' title='bbox 1872 1049 2128 1112; x_wconf 84' lang='lat' dir='ltr'>Ryckium</span> <span class='ocrx_word' id='word_1_338' title='bbox 2164 1051 2231 1100; x_wconf 78' lang='lat' dir='ltr'>sd</span> <span class='ocrx_word' id='word_1_339' title='bbox 2263 1053 2437 1104; x_wconf 69' lang='lat' dir='ltr'>Tacit.</span> <span class='ocrx_word' id='word_1_340' title='bbox 2473 1060 2673 1107; x_wconf 75' lang='lat' dir='ltr'>xu.12.</span> 
     </span>
     <span class='ocr_line' id='line_1_62' title="bbox 1630 1125 1930 1191; baseline 0 -16"><span class='ocrx_word' id='word_1_341' title='bbox 1630 1128 1728 1191; x_wconf 77' lang='lat'>§3.</span> <span class='ocrx_word' id='word_1_342' title='bbox 1752 1125 1930 1176; x_wconf 73' lang='lat' dir='ltr'>Arutz.</span> 
     </span>
    </p>

    <p class='ocr_par' dir='ltr' id='par_1_7' title="bbox 1633 1203 2694 1879">
     <span class='ocr_line' id='line_1_63' title="bbox 1696 1203 2681 1269; baseline 0.006 -17"><span class='ocrx_word' id='word_1_343' title='bbox 1696 1205 1723 1267; x_wconf 84' lang='lat'>§</span> <span class='ocrx_word' id='word_1_344' title='bbox 1756 1208 1819 1253; x_wconf 83' lang='grc'>17</span> <span class='ocrx_word' id='word_1_345' title='bbox 1868 1203 2151 1267; x_wconf 70' lang='lat' dir='ltr'>Arabicum,</span> <span class='ocrx_word' id='word_1_346' title='bbox 2175 1205 2539 1269; x_wconf 55' lang='lat' dir='ltr'>Adiabenam,</span> <span class='ocrx_word' id='word_1_347' title='bbox 2562 1210 2681 1258; x_wconf 80' lang='lat' dir='ltr'>Por-</span> 
     </span>
     <span class='ocr_line' id='line_1_64' title="bbox 1633 1278 2680 1344; baseline 0.006 -16"><span class='ocrx_word' id='word_1_348' title='bbox 1633 1278 1834 1343; x_wconf 75' lang='lat' dir='ltr'>tln&#39;cum]</span> <span class='ocrx_word' id='word_1_349' title='bbox 1857 1281 1926 1329; x_wconf 86' lang='lat' dir='ltr'>Et</span> <span class='ocrx_word' id='word_1_350' title='bbox 1943 1282 2177 1344; x_wconf 73' lang='lat' dir='ltr'>Scaliger</span> <span class='ocrx_word' id='word_1_351' title='bbox 2197 1284 2261 1331; x_wconf 74' lang='lat' dir='ltr'>sd</span> <span class='ocrx_word' id='word_1_352' title='bbox 2287 1284 2481 1335; x_wconf 83' lang='lat' dir='ltr'>Euseb.</span> <span class='ocrx_word' id='word_1_353' title='bbox 2503 1285 2680 1336; x_wconf 80' lang='lat' dir='ltr'>Chron.</span> 
     </span>
     <span class='ocr_line' id='line_1_65' title="bbox 1635 1356 2683 1419; baseline 0.007 -15"><span class='ocrx_word' id='word_1_354' title='bbox 1635 1372 1687 1419; x_wconf 82' lang='lat' dir='ltr'>p.</span> <span class='ocrx_word' id='word_1_355' title='bbox 1699 1360 1815 1408; x_wconf 90' lang='grc'><strong>228.</strong></span> <span class='ocrx_word' id='word_1_356' title='bbox 1832 1356 1896 1406; x_wconf 86' lang='lat' dir='ltr'>de</span> <span class='ocrx_word' id='word_1_357' title='bbox 1913 1357 2173 1408; x_wconf 75' lang='lat' dir='ltr'>Arabibns</span> <span class='ocrx_word' id='word_1_358' title='bbox 2190 1360 2338 1408; x_wconf 80' lang='lat' dir='ltr'>victis</span> <span class='ocrx_word' id='word_1_359' title='bbox 2357 1360 2505 1410; x_wconf 83' lang='lat' dir='ltr'>Sext.</span> <span class='ocrx_word' id='word_1_360' title='bbox 2526 1360 2683 1412; x_wconf 82' lang='lat' dir='ltr'>Rufus</span> 
     </span>
     <span class='ocr_line' id='line_1_66' title="bbox 1635 1434 2682 1498; baseline 0.006 -17"><span class='ocrx_word' id='word_1_361' title='bbox 1635 1434 1687 1482; x_wconf 90' lang='lat' dir='ltr'>in</span> <span class='ocrx_word' id='word_1_362' title='bbox 1713 1434 1869 1484; x_wconf 87' lang='lat' dir='ltr'>Brev.</span> <span class='ocrx_word' id='word_1_363' title='bbox 1909 1448 2024 1498; x_wconf 79' lang='lat' dir='ltr'>cap.</span> <span class='ocrx_word' id='word_1_364' title='bbox 2043 1438 2126 1483; x_wconf 82' lang='lat'>21.</span> <span class='ocrx_word' id='word_1_365' title='bbox 2157 1442 2172 1464; x_wconf 89' lang='lat'>‘</span> <span class='ocrx_word' id='word_1_366' title='bbox 2197 1436 2396 1486; x_wconf 71' lang='lat' dir='ltr'>Arabas</span> <span class='ocrx_word' id='word_1_367' title='bbox 2420 1438 2682 1487; x_wconf 83' lang='lat' dir='ltr'>interiores</span> 
     </span>
     <span class='ocr_line' id='line_1_67' title="bbox 1634 1509 2688 1572; baseline 0.003 -13"><span class='ocrx_word' id='word_1_368' title='bbox 1634 1509 1852 1559; x_wconf 82' lang='lat' dir='ltr'>obtrivit</span> <span class='ocrx_word' id='word_1_369' title='bbox 1890 1516 1945 1559; x_wconf 84' lang='lat' dir='ltr'>et</span> <span class='ocrx_word' id='word_1_370' title='bbox 1984 1510 2227 1560; x_wconf 72' lang='lat' dir='ltr'>Arabiam</span> <span class='ocrx_word' id='word_1_371' title='bbox 2270 1513 2585 1572; x_wconf 78' lang='lat' dir='ltr'>provinciam</span> <span class='ocrx_word' id='word_1_372' title='bbox 2613 1513 2688 1562; x_wconf 85' lang='lat' dir='ltr'>fe-</span> 
     </span>
     <span class='ocr_line' id='line_1_68' title="bbox 1637 1584 2688 1651; baseline 0.003 -17"><span class='ocrx_word' id='word_1_373' title='bbox 1637 1585 1710 1634; x_wconf 90' lang='lat' dir='ltr'>cit</span> <span class='ocrx_word' id='word_1_374' title='bbox 1731 1584 1765 1633; x_wconf 78' lang='lat'>:⁹</span> <span class='ocrx_word' id='word_1_375' title='bbox 1796 1585 1871 1635; x_wconf 84' lang='lat' dir='ltr'>ita</span> <span class='ocrx_word' id='word_1_376' title='bbox 1900 1587 2120 1635; x_wconf 83' lang='lat' dir='ltr'>restituo</span> <span class='ocrx_word' id='word_1_377' title='bbox 2143 1600 2211 1634; x_wconf 81' lang='lat' dir='ltr'>ex</span> <span class='ocrx_word' id='word_1_378' title='bbox 2233 1586 2336 1635; x_wconf 84' lang='lat' dir='ltr'>Ms.</span> <span class='ocrx_word' id='word_1_379' title='bbox 2362 1589 2478 1637; x_wconf 82' lang='lat' dir='ltr'>cod.</span> <span class='ocrx_word' id='word_1_380' title='bbox 2503 1604 2596 1651; x_wconf 90' lang='lat' dir='ltr'>pro</span> <span class='ocrx_word' id='word_1_381' title='bbox 2614 1589 2688 1637; x_wconf 80' lang='lat' dir='ltr'>ob·</span> 
     </span>
     <span class='ocr_line' id='line_1_69' title="bbox 1637 1652 2692 1729; baseline 0.004 -18"><span class='ocrx_word' id='word_1_382' title='bbox 1637 1662 1802 1712; x_wconf 66' lang='lat' dir='ltr'>linuit.</span> <span class='ocrx_word' id='word_1_383' title='bbox 1886 1663 2182 1715; x_wconf 75' lang='lat' dir='ltr'>Jomandes</span> <span class='ocrx_word' id='word_1_384' title='bbox 2228 1666 2292 1713; x_wconf 91' lang='lat' dir='ltr'>de</span> <span class='ocrx_word' id='word_1_385' title='bbox 2336 1652 2505 1729; x_wconf 80' lang='lat' dir='ltr'>Regu.</span> <span class='ocrx_word' id='word_1_386' title='bbox 2544 1667 2692 1717; x_wconf 77' lang='lat' dir='ltr'>Suco.</span> 
     </span>
     <span class='ocr_line' id='line_1_70' title="bbox 1640 1739 2694 1806; baseline 0.003 -17"><span class='ocrx_word' id='word_1_387' title='bbox 1640 1739 1656 1767; x_wconf 91' lang='lat'>‘</span> <span class='ocrx_word' id='word_1_388' title='bbox 1683 1739 1882 1789; x_wconf 70' lang='lat' dir='ltr'>Arabes</span> <span class='ocrx_word' id='word_1_389' title='bbox 1904 1755 2107 1805; x_wconf 84' lang='lat' dir='ltr'>quoqne</span> <span class='ocrx_word' id='word_1_390' title='bbox 2140 1742 2410 1791; x_wconf 85' lang='lat' dir='ltr'>interiores</span> <span class='ocrx_word' id='word_1_391' title='bbox 2448 1743 2522 1792; x_wconf 81' lang='lat' dir='ltr'>ita</span> <span class='ocrx_word' id='word_1_392' title='bbox 2561 1745 2694 1806; x_wconf 76' lang='lat' dir='ltr'>ceci-</span> 
     </span>
     <span class='ocr_line' id='line_1_71' title="bbox 1641 1815 2694 1879; baseline 0.005 -15"><span class='ocrx_word' id='word_1_393' title='bbox 1641 1815 1737 1871; x_wconf 87' lang='lat' dir='ltr'>dit.</span> <span class='ocrx_word' id='word_1_394' title='bbox 1783 1823 1843 1866; x_wconf 87' lang='lat' dir='ltr'>ut</span> <span class='ocrx_word' id='word_1_395' title='bbox 1888 1819 2149 1879; x_wconf 75' lang='lat' dir='ltr'>regionem</span> <span class='ocrx_word' id='word_1_396' title='bbox 2193 1833 2372 1868; x_wconf 91' lang='lat' dir='ltr'>eorum</span> <span class='ocrx_word' id='word_1_397' title='bbox 2409 1820 2694 1870; x_wconf 76' lang='lat' dir='ltr'>Romanam</span> 
     </span>
    </p>
   </div>
   <div class='ocr_carea' id='block_1_7' title="bbox 1639 1892 2696 2009">
    <p class='ocr_par' dir='ltr' id='par_1_8' title="bbox 1639 1892 2696 2009">
     <span class='ocr_line' id='line_1_72' title="bbox 1640 1892 2696 1958; baseline 0.003 -14"><span class='ocrx_word' id='word_1_398' title='bbox 1640 1892 1841 1944; x_wconf 80' lang='lat' dir='ltr'>feceret</span> <span class='ocrx_word' id='word_1_399' title='bbox 1866 1896 2220 1958; x_wconf 68' lang='lat' dir='ltr'>provinciam-²</span> <span class='ocrx_word' id='word_1_400' title='bbox 2283 1897 2517 1946; x_wconf 80' lang='lat' dir='ltr'>Zosimus</span> <span class='ocrx_word' id='word_1_401' title='bbox 2539 1899 2696 1947; x_wconf 82' lang='lat' dir='ltr'>etism</span> 
     </span>
     <span class='ocr_line' id='line_1_73' title="bbox 1639 1959 1952 2009; baseline -0.003 -1"><span class='ocrx_word' id='word_1_402' title='bbox 1639 1973 1680 2008; x_wconf 83' lang='grc' dir='ltr'><strong>ι.</strong></span> <span class='ocrx_word' id='word_1_403' title='bbox 1703 1963 1754 2009; x_wconf 94' lang='grc'><strong>8.</strong></span> <span class='ocrx_word' id='word_1_404' title='bbox 1776 1959 1952 2009; x_wconf 73' lang='lat' dir='ltr'>Arutz.</span> 
     </span>
    </p>
   </div>
   <div class='ocr_carea' id='block_1_8' title="bbox 1705 2035 2696 2100">
    <p class='ocr_par' dir='ltr' id='par_1_9' title="bbox 1705 2035 2696 2100">
     <span class='ocr_line' id='line_1_74' title="bbox 1705 2035 2696 2100; baseline -0.002 -11"><span class='ocrx_word' id='word_1_405' title='bbox 1705 2038 1821 2100; x_wconf 79' lang='lat'>§18</span> <span class='ocrx_word' id='word_1_406' title='bbox 1854 2036 2024 2099; x_wconf 76' lang='lat' dir='ltr'>Maro]</span> <span class='ocrx_word' id='word_1_407' title='bbox 2060 2036 2195 2086; x_wconf 70' lang='lat' dir='ltr'>Haec</span> <span class='ocrx_word' id='word_1_408' title='bbox 2230 2035 2388 2085; x_wconf 75' lang='lat' dir='ltr'>Satm.</span> <span class='ocrx_word' id='word_1_409' title='bbox 2419 2037 2487 2085; x_wconf 77' lang='lat' dir='ltr'>ad</span> <span class='ocrx_word' id='word_1_410' title='bbox 2517 2037 2696 2099; x_wconf 74' lang='lat' dir='ltr'>spart.</span> 
     </span>
    </p>
   </div>
   <div class='ocr_carea' id='block_1_9' title="bbox 1640 2107 2697 2245">
    <p class='ocr_par' dir='ltr' id='par_1_10' title="bbox 1640 2107 2697 2245">
     <span class='ocr_line' id='line_1_75' title="bbox 1640 2107 2697 2168; baseline 0.009 -13"><span class='ocrx_word' id='word_1_411' title='bbox 1640 2119 1762 2168; x_wconf 78' lang='lat' dir='ltr'>cap.</span> <span class='ocrx_word' id='word_1_412' title='bbox 1782 2110 1863 2155; x_wconf 88' lang='grc'><strong>18.</strong></span> <span class='ocrx_word' id='word_1_413' title='bbox 1898 2112 1953 2155; x_wconf 78' lang='lat' dir='ltr'>et</span> <span class='ocrx_word' id='word_1_414' title='bbox 1982 2107 2180 2168; x_wconf 72' lang='lat' dir='ltr'>Scalig.</span> <span class='ocrx_word' id='word_1_415' title='bbox 2217 2108 2470 2161; x_wconf 85' lang='lat' dir='ltr'>videndus</span> <span class='ocrx_word' id='word_1_416' title='bbox 2501 2114 2568 2162; x_wconf 75' lang='lat' dir='ltr'>ad</span> <span class='ocrx_word' id='word_1_417' title='bbox 2595 2114 2697 2163; x_wconf 90' lang='lat' dir='ltr'>Eu·</span> 
     </span>
     <span class='ocr_line' id='line_1_76' title="bbox 1644 2179 2324 2245; baseline -0.006 -12"><span class='ocrx_word' id='word_1_418' title='bbox 1644 2185 1753 2234; x_wconf 76' lang='lat' dir='ltr'>seb.</span> <span class='ocrx_word' id='word_1_419' title='bbox 1778 2198 1828 2245; x_wconf 88' lang='lat' dir='ltr'>p.</span> <span class='ocrx_word' id='word_1_420' title='bbox 1851 2185 1968 2231; x_wconf 88' lang='grc'><strong>229.</strong></span> <span class='ocrx_word' id='word_1_421' title='bbox 2002 2179 2175 2232; x_wconf 73' lang='lat' dir='ltr'>Arntz.</span> <span class='ocrx_word' id='word_1_422' title='bbox 2316 2197 2324 2210; x_wconf 79' lang='grc'><em>’</em></span> 
     </span>
    </p>
   </div>
   <div class='ocr_carea' id='block_1_10' title="bbox 1645 2258 2722 4404">
    <p class='ocr_par' dir='ltr' id='par_1_11' title="bbox 1645 2258 2710 3236">
     <span class='ocr_line' id='line_1_77' title="bbox 1710 2258 2699 2326; baseline 0.008 -19"><span class='ocrx_word' id='word_1_423' title='bbox 1710 2259 1811 2307; x_wconf 84' lang='lat' dir='ltr'>Per</span> <span class='ocrx_word' id='word_1_424' title='bbox 1828 2263 2099 2306; x_wconf 71' lang='lat' dir='ltr'>transversa</span> <span class='ocrx_word' id='word_1_425' title='bbox 2117 2258 2246 2308; x_wconf 74' lang='lat' dir='ltr'>inter</span> <span class='ocrx_word' id='word_1_426' title='bbox 2265 2262 2493 2326; x_wconf 74' lang='lat' dir='ltr'>insulam]</span> <span class='ocrx_word' id='word_1_427' title='bbox 2514 2266 2699 2316; x_wconf 82' lang='lat' dir='ltr'>Emen-</span> 
     </span>
     <span class='ocr_line' id='line_1_78' title="bbox 1645 2336 2701 2405; baseline 0.007 -19"><span class='ocrx_word' id='word_1_428' title='bbox 1645 2336 1766 2386; x_wconf 70' lang='lat' dir='ltr'>davi</span> <span class='ocrx_word' id='word_1_429' title='bbox 1809 2338 2024 2400; x_wconf 88' lang='lat' dir='ltr'>primum</span> <span class='ocrx_word' id='word_1_430' title='bbox 2087 2338 2153 2388; x_wconf 75' lang='lat' dir='ltr'>ab</span> <span class='ocrx_word' id='word_1_431' title='bbox 2197 2340 2407 2402; x_wconf 76' lang='lat' dir='ltr'>ingenio</span> <span class='ocrx_word' id='word_1_432' title='bbox 2443 2343 2701 2405; x_wconf 83' lang='lat' dir='ltr'>quomodo</span> 
     </span>
     <span class='ocr_line' id='line_1_79' title="bbox 1646 2414 2704 2482; baseline 0.006 -19"><span class='ocrx_word' id='word_1_433' title='bbox 1646 2414 2002 2463; x_wconf 81' lang='lat' dir='ltr'>excudendum</span> <span class='ocrx_word' id='word_1_434' title='bbox 2027 2416 2239 2476; x_wconf 76' lang='lat' dir='ltr'>curavi3</span> <span class='ocrx_word' id='word_1_435' title='bbox 2273 2430 2392 2465; x_wconf 84' lang='lat' dir='ltr'>mox</span> <span class='ocrx_word' id='word_1_436' title='bbox 2415 2432 2445 2466; x_wconf 79' lang='lat' dir='ltr'><strong>a</strong></span> <span class='ocrx_word' id='word_1_437' title='bbox 2473 2419 2704 2482; x_wconf 78' lang='lat' dir='ltr'>Spartia-</span> 
     </span>
     <span class='ocr_line' id='line_1_80' title="bbox 1646 2491 2705 2545; baseline 0.005 -5"><span class='ocrx_word' id='word_1_438' title='bbox 1646 2505 1717 2540; x_wconf 85' lang='lat' dir='ltr'>no</span> <span class='ocrx_word' id='word_1_439' title='bbox 1764 2491 1981 2540; x_wconf 86' lang='lat' dir='ltr'>totidem</span> <span class='ocrx_word' id='word_1_440' title='bbox 2015 2492 2186 2540; x_wconf 86' lang='lat' dir='ltr'>verbis</span> <span class='ocrx_word' id='word_1_441' title='bbox 2222 2493 2404 2542; x_wconf 81' lang='lat' dir='ltr'>eadem</span> <span class='ocrx_word' id='word_1_442' title='bbox 2442 2495 2705 2545; x_wconf 80' lang='lat' dir='ltr'>scribente</span> 
     </span>
     <span class='ocr_line' id='line_1_81' title="bbox 1647 2567 2704 2629; baseline 0.003 -13"><span class='ocrx_word' id='word_1_443' title='bbox 1647 2581 1814 2616; x_wconf 80' lang='lat' dir='ltr'>meam</span> <span class='ocrx_word' id='word_1_444' title='bbox 1839 2567 2515 2629; x_wconf 55' lang='lat' dir='ltr'>conjecturemconfirmari</span> <span class='ocrx_word' id='word_1_445' title='bbox 2538 2572 2704 2621; x_wconf 86' lang='lat' dir='ltr'>liben-</span> 
     </span>
     <span class='ocr_line' id='line_1_82' title="bbox 1648 2644 2704 2711; baseline 0.003 -18"><span class='ocrx_word' id='word_1_446' title='bbox 1648 2651 1731 2693; x_wconf 83' lang='lat' dir='ltr'>ter</span> <span class='ocrx_word' id='word_1_447' title='bbox 1755 2644 1881 2707; x_wconf 77' lang='lat' dir='ltr'>legi.</span> <span class='ocrx_word' id='word_1_448' title='bbox 1952 2644 2072 2693; x_wconf 90' lang='lat' dir='ltr'>Non</span> <span class='ocrx_word' id='word_1_449' title='bbox 2097 2645 2227 2694; x_wconf 84' lang='lat' dir='ltr'>illud</span> <span class='ocrx_word' id='word_1_450' title='bbox 2255 2646 2465 2696; x_wconf 91' lang='lat' dir='ltr'>silentio</span> <span class='ocrx_word' id='word_1_451' title='bbox 2487 2656 2704 2711; x_wconf 84' lang='lat' dir='ltr'>praeter·</span> 
     </span>
     <span class='ocr_line' id='line_1_83' title="bbox 1647 2722 2704 2789; baseline 0.005 -20"><span class='ocrx_word' id='word_1_452' title='bbox 1647 2722 1893 2783; x_wconf 86' lang='lat' dir='ltr'>eundum,</span> <span class='ocrx_word' id='word_1_453' title='bbox 1956 2722 2211 2785; x_wconf 74' lang='lat' dir='ltr'>integram</span> <span class='ocrx_word' id='word_1_454' title='bbox 2262 2724 2395 2772; x_wconf 75' lang='lat' dir='ltr'>hanc</span> <span class='ocrx_word' id='word_1_455' title='bbox 2447 2726 2704 2789; x_wconf 68' lang='lat' dir='ltr'>paginam,</span> 
     </span>
     <span class='ocr_line' id='line_1_84' title="bbox 1649 2798 2705 2865; baseline 0.006 -19"><span class='ocrx_word' id='word_1_456' title='bbox 1649 2798 1788 2862; x_wconf 85' lang='lat' dir='ltr'>quod</span> <span class='ocrx_word' id='word_1_457' title='bbox 1808 2799 2015 2860; x_wconf 84' lang='lat' dir='ltr'>mirere,</span> <span class='ocrx_word' id='word_1_458' title='bbox 2045 2800 2092 2847; x_wconf 90' lang='lat' dir='ltr'>in</span> <span class='ocrx_word' id='word_1_459' title='bbox 2117 2799 2394 2861; x_wconf 80' lang='lat' dir='ltr'>spartiano</span> <span class='ocrx_word' id='word_1_460' title='bbox 2417 2802 2541 2865; x_wconf 78' lang='lat' dir='ltr'>tegi,</span> <span class='ocrx_word' id='word_1_461' title='bbox 2557 2817 2705 2865; x_wconf 84' lang='lat' dir='ltr'>quem</span> 
     </span>
     <span class='ocr_line' id='line_1_85' title="bbox 1650 2875 2706 2943; baseline 0.003 -18"><span class='ocrx_word' id='word_1_462' title='bbox 1650 2889 1768 2925; x_wconf 84' lang='lat' dir='ltr'>cum</span> <span class='ocrx_word' id='word_1_463' title='bbox 1787 2875 1865 2924; x_wconf 77' lang='lat' dir='ltr'>liis</span> <span class='ocrx_word' id='word_1_464' title='bbox 1882 2889 2189 2938; x_wconf 79' lang='lat' dir='ltr'>comparans</span> <span class='ocrx_word' id='word_1_465' title='bbox 2205 2876 2386 2939; x_wconf 88' lang='lat' dir='ltr'>lector,</span> <span class='ocrx_word' id='word_1_466' title='bbox 2401 2878 2570 2927; x_wconf 86' lang='lat' dir='ltr'>oleum</span> <span class='ocrx_word' id='word_1_467' title='bbox 2585 2894 2706 2943; x_wconf 91' lang='lat' dir='ltr'>ope·</span> 
     </span>
     <span class='ocr_line' id='line_1_86' title="bbox 1648 2953 2706 3015; baseline 0.006 -16"><span class='ocrx_word' id='word_1_468' title='bbox 1648 2966 1864 3015; x_wconf 75' lang='lat' dir='ltr'>remque</span> <span class='ocrx_word' id='word_1_469' title='bbox 1905 2954 2035 3000; x_wconf 77' lang='lat' dir='ltr'>bene</span> <span class='ocrx_word' id='word_1_470' title='bbox 2074 2953 2384 3001; x_wconf 78' lang='lat' dir='ltr'>collocatam</span> <span class='ocrx_word' id='word_1_471' title='bbox 2428 2956 2706 3006; x_wconf 81' lang='lat' dir='ltr'>existimet.</span> 
     </span>
     <span class='ocr_line' id='line_1_87' title="bbox 1655 3029 2710 3095; baseline 0.005 -17"><span class='ocrx_word' id='word_1_472' title='bbox 1655 3029 1874 3078; x_wconf 85' lang='lat' dir='ltr'>Videbit</span> <span class='ocrx_word' id='word_1_473' title='bbox 1895 3044 2020 3078; x_wconf 85' lang='lat' dir='ltr'>sane</span> <span class='ocrx_word' id='word_1_474' title='bbox 2044 3040 2291 3093; x_wconf 80' lang='lat' dir='ltr'>quantum</span> <span class='ocrx_word' id='word_1_475' title='bbox 2312 3031 2408 3080; x_wconf 82' lang='lat' dir='ltr'>sibi</span> <span class='ocrx_word' id='word_1_476' title='bbox 2428 3034 2710 3095; x_wconf 80' lang='lat' dir='ltr'>scriptores</span> 
     </span>
     <span class='ocr_line' id='line_1_88' title="bbox 1651 3106 2709 3196; baseline 0.005 -40"><span class='ocrx_word' id='word_1_477' title='bbox 1651 3106 1851 3169; x_wconf 69' lang='lat' dir='ltr'>antiqui</span> <span class='ocrx_word' id='word_1_478' title='bbox 1875 3106 1927 3154; x_wconf 90' lang='lat' dir='ltr'>in</span> <span class='ocrx_word' id='word_1_479' title='bbox 1950 3107 2131 3155; x_wconf 80' lang='lat' dir='ltr'>alienis</span> <span class='ocrx_word' id='word_1_480' title='bbox 2166 3107 2462 3158; x_wconf 78' lang='lat' dir='ltr'>mutuandis</span> <span class='ocrx_word' id='word_1_481' title='bbox 2485 3108 2709 3196; x_wconf 81' lang='lat' dir='ltr'>indulse-</span> 
     </span>
     <span class='ocr_line' id='line_1_89' title="bbox 1653 3181 1997 3236; baseline 0.003 -5"><span class='ocrx_word' id='word_1_482' title='bbox 1653 3183 1784 3232; x_wconf 85' lang='lat' dir='ltr'>rint.</span> <span class='ocrx_word' id='word_1_483' title='bbox 1814 3181 1997 3236; x_wconf 70' lang='lat' dir='ltr'>Scitote.</span> 
     </span>
    </p>

    <p class='ocr_par' dir='ltr' id='par_1_12' title="bbox 1718 3261 2710 3325">
     <span class='ocr_line' id='line_1_90' title="bbox 1718 3261 2710 3325; baseline 0 -15"><span class='ocrx_word' id='word_1_484' title='bbox 1718 3263 1745 3325; x_wconf 62' lang='grc' dir='ltr'><strong>ξ</strong></span> <span class='ocrx_word' id='word_1_485' title='bbox 1766 3266 1824 3310; x_wconf 81' lang='grc'>21</span> <span class='ocrx_word' id='word_1_486' title='bbox 1854 3263 1955 3310; x_wconf 77' lang='lat' dir='ltr'>Aut</span> <span class='ocrx_word' id='word_1_487' title='bbox 1975 3261 2119 3310; x_wconf 79' lang='lat' dir='ltr'>etiam</span> <span class='ocrx_word' id='word_1_488' title='bbox 2139 3261 2493 3325; x_wconf 67' lang='lat' dir='ltr'>praefectorum]</span> <span class='ocrx_word' id='word_1_489' title='bbox 2524 3261 2626 3311; x_wconf 84' lang='lat' dir='ltr'>Sed</span> <span class='ocrx_word' id='word_1_490' title='bbox 2647 3277 2710 3310; x_wconf 79' lang='lat' dir='ltr'>an</span> 
     </span>
    </p>

    <p class='ocr_par' dir='ltr' id='par_1_13' title="bbox 1654 3331 2718 3939">
     <span class='ocr_line' id='line_1_91' title="bbox 1655 3331 2716 3401; baseline 0.002 -15.07"><span class='ocrx_word' id='word_1_491' title='bbox 1655 3336 1956 3401; x_wconf 82' lang='lat' dir='ltr'>‘praefecti&#39;</span> <span class='ocrx_word' id='word_1_492' title='bbox 1986 3352 2086 3386; x_wconf 90' lang='lat' dir='ltr'>non</span> <span class='ocrx_word' id='word_1_493' title='bbox 2121 3331 2280 3387; x_wconf 77' lang='lat' dir='ltr'>etism</span> <span class='ocrx_word' id='word_1_494' title='bbox 2319 3339 2457 3386; x_wconf 89' lang='lat' dir='ltr'>inter</span> <span class='ocrx_word' id='word_1_495' title='bbox 2491 3338 2679 3389; x_wconf 81' lang='lat' dir='ltr'>‘duces</span> <span class='ocrx_word' id='word_1_496' title='bbox 2701 3339 2716 3361; x_wconf 89' lang='lat'><em>&#39;</em></span> 
     </span>
     <span class='ocr_line' id='line_1_92' title="bbox 1654 3414 2713 3478; baseline 0.002 -14"><span class='ocrx_word' id='word_1_497' title='bbox 1654 3414 1964 3465; x_wconf 71' lang='lat' dir='ltr'>numerandi</span> <span class='ocrx_word' id='word_1_498' title='bbox 1998 3415 2192 3464; x_wconf 83' lang='lat' dir='ltr'>eruut?</span> <span class='ocrx_word' id='word_1_499' title='bbox 2257 3415 2440 3464; x_wconf 87' lang='lat' dir='ltr'>Multis</span> <span class='ocrx_word' id='word_1_500' title='bbox 2479 3416 2713 3478; x_wconf 81' lang='lat' dir='ltr'>partibus</span> 
     </span>
     <span class='ocr_line' id='line_1_93' title="bbox 1656 3492 2716 3554; baseline 0 -12"><span class='ocrx_word' id='word_1_501' title='bbox 1656 3493 1839 3542; x_wconf 86' lang='lat' dir='ltr'>melius</span> <span class='ocrx_word' id='word_1_502' title='bbox 1871 3492 1975 3541; x_wconf 88' lang='lat' dir='ltr'>erit</span> <span class='ocrx_word' id='word_1_503' title='bbox 2001 3493 2290 3542; x_wconf 81' lang='lat' dir='ltr'>rescribere</span> <span class='ocrx_word' id='word_1_504' title='bbox 2310 3506 2398 3554; x_wconf 84' lang='lat' dir='ltr'>per</span> <span class='ocrx_word' id='word_1_505' title='bbox 2411 3492 2680 3550; x_wconf 68' lang='lat' dir='ltr'>factivum</span> <span class='ocrx_word' id='word_1_506' title='bbox 2694 3510 2716 3552; x_wconf 83' lang='lat'>,-</span> 
     </span>
     <span class='ocr_line' id='line_1_94' title="bbox 1656 3567 2716 3621; baseline 0 -1"><span class='ocrx_word' id='word_1_507' title='bbox 1656 3586 1772 3620; x_wconf 91' lang='lat' dir='ltr'>cum</span> <span class='ocrx_word' id='word_1_508' title='bbox 1809 3569 1965 3621; x_wconf 87' lang='lat' dir='ltr'>titulo</span> <span class='ocrx_word' id='word_1_509' title='bbox 1999 3584 2092 3618; x_wconf 90' lang='lat' dir='ltr'>seu</span> <span class='ocrx_word' id='word_1_510' title='bbox 2129 3569 2336 3618; x_wconf 88' lang='lat' dir='ltr'>nomine</span> <span class='ocrx_word' id='word_1_511' title='bbox 2377 3567 2622 3620; x_wconf 77' lang='lat' dir='ltr'>factionis</span> <span class='ocrx_word' id='word_1_512' title='bbox 2658 3577 2716 3620; x_wconf 87' lang='lat' dir='ltr'>et</span> 
     </span>
     <span class='ocr_line' id='line_1_95' title="bbox 1656 3646 2717 3712; baseline 0 -16"><span class='ocrx_word' id='word_1_513' title='bbox 1656 3648 1884 3710; x_wconf 78' lang='lat' dir='ltr'>partium</span> <span class='ocrx_word' id='word_1_514' title='bbox 1935 3646 2412 3696; x_wconf 84' lang='lat' dir='ltr'>innocentissimum</span> <span class='ocrx_word' id='word_1_515' title='bbox 2460 3661 2717 3712; x_wconf 86' lang='lat' dir='ltr'>quemque</span> 
     </span>
     <span class='ocr_line' id='line_1_96' title="bbox 1657 3723 2715 3788; baseline 0 -14"><span class='ocrx_word' id='word_1_516' title='bbox 1657 3727 1958 3788; x_wconf 75' lang='lat' dir='ltr'>spoliarent.</span> <span class='ocrx_word' id='word_1_517' title='bbox 2024 3725 2206 3774; x_wconf 88' lang='lat' dir='ltr'>Burm.</span> <span class='ocrx_word' id='word_1_518' title='bbox 2238 3723 2305 3772; x_wconf 81' lang='lat' dir='ltr'>ed</span> <span class='ocrx_word' id='word_1_519' title='bbox 2342 3724 2505 3777; x_wconf 81' lang='lat' dir='ltr'>ovid.</span> <span class='ocrx_word' id='word_1_520' title='bbox 2543 3726 2715 3787; x_wconf 87' lang='lat' dir='ltr'>Epist.</span> 
     </span>
     <span class='ocr_line' id='line_1_97' title="bbox 1658 3794 2718 3863; baseline 0 -11"><span class='ocrx_word' id='word_1_521' title='bbox 1658 3794 1792 3852; x_wconf 75' lang='lat' dir='ltr'>Her.</span> <span class='ocrx_word' id='word_1_522' title='bbox 1812 3816 1908 3852; x_wconf 82' lang='lat' dir='ltr'>xx.</span> <span class='ocrx_word' id='word_1_523' title='bbox 1932 3806 2044 3852; x_wconf 82' lang='lat'>140.</span> <span class='ocrx_word' id='word_1_524' title='bbox 2080 3807 2095 3830; x_wconf 79' lang='lat'><em>⁶</em></span> <span class='ocrx_word' id='word_1_525' title='bbox 2113 3800 2347 3850; x_wconf 70' lang='lat' dir='ltr'>candida</span> <span class='ocrx_word' id='word_1_526' title='bbox 2373 3815 2468 3863; x_wconf 82' lang='lat' dir='ltr'>per</span> <span class='ocrx_word' id='word_1_527' title='bbox 2483 3817 2718 3852; x_wconf 75' lang='lat' dir='ltr'>caussam</span> 
     </span>
     <span class='ocr_line' id='line_1_98' title="bbox 1658 3875 2446 3939; baseline -0.006 -11"><span class='ocrx_word' id='word_1_528' title='bbox 1658 3878 1872 3929; x_wconf 71' lang='lat' dir='ltr'>brachia</span> <span class='ocrx_word' id='word_1_529' title='bbox 1893 3892 2035 3939; x_wconf 83' lang='lat' dir='ltr'>saepe</span> <span class='ocrx_word' id='word_1_530' title='bbox 2061 3875 2241 3926; x_wconf 67' lang='lat' dir='ltr'>tenet!</span> <span class='ocrx_word' id='word_1_531' title='bbox 2271 3879 2446 3926; x_wconf 70' lang='lat' dir='ltr'>Aratz.</span> 
     </span>
    </p>

    <p class='ocr_par' dir='ltr' id='par_1_14' title="bbox 1659 3954 2721 4168">
     <span class='ocr_line' id='line_1_99' title="bbox 1725 3954 2720 4019; baseline -0.002 -15"><span class='ocrx_word' id='word_1_532' title='bbox 1725 3956 1753 4019; x_wconf 62' lang='grc' dir='ltr'><strong>ξ</strong></span> <span class='ocrx_word' id='word_1_533' title='bbox 1777 3958 1842 4005; x_wconf 83' lang='grc'>22</span> <span class='ocrx_word' id='word_1_534' title='bbox 1876 3955 1979 4003; x_wconf 79' lang='lat' dir='ltr'>Abs</span> <span class='ocrx_word' id='word_1_535' title='bbox 1999 3968 2049 4002; x_wconf 86' lang='lat' dir='ltr'>se</span> <span class='ocrx_word' id='word_1_536' title='bbox 2073 3954 2234 4017; x_wconf 73' lang='lat' dir='ltr'>texta]</span> <span class='ocrx_word' id='word_1_537' title='bbox 2268 3954 2594 4003; x_wconf 77' lang='lat' dir='ltr'>Emendsbat</span> <span class='ocrx_word' id='word_1_538' title='bbox 2619 3955 2720 4004; x_wconf 68' lang='lat' dir='ltr'>Ce-</span> 
     </span>
     <span class='ocr_line' id='line_1_100' title="bbox 1659 4028 2721 4092; baseline 0.001 -13"><span class='ocrx_word' id='word_1_539' title='bbox 1659 4030 1916 4079; x_wconf 73' lang='lat' dir='ltr'>sanbonns</span> <span class='ocrx_word' id='word_1_540' title='bbox 1951 4037 2126 4078; x_wconf 85' lang='lat' dir='ltr'>noster</span> <span class='ocrx_word' id='word_1_541' title='bbox 2165 4028 2251 4077; x_wconf 83' lang='lat' dir='ltr'>obs</span> <span class='ocrx_word' id='word_1_542' title='bbox 2283 4045 2335 4079; x_wconf 82' lang='lat' dir='ltr'>se</span> <span class='ocrx_word' id='word_1_543' title='bbox 2371 4036 2529 4092; x_wconf 74' lang='lat' dir='ltr'>gesta.</span> <span class='ocrx_word' id='word_1_544' title='bbox 2565 4030 2721 4080; x_wconf 86' lang='lat' dir='ltr'>Grnt.</span> 
     </span>
     <span class='ocr_line' id='line_1_101' title="bbox 1660 4106 2698 4168; baseline -0.003 -12"><span class='ocrx_word' id='word_1_545' title='bbox 1660 4106 1873 4156; x_wconf 84' lang='lat' dir='ltr'>Scilicet</span> <span class='ocrx_word' id='word_1_546' title='bbox 1896 4106 1960 4154; x_wconf 82' lang='lat' dir='ltr'>ad</span> <span class='ocrx_word' id='word_1_547' title='bbox 1987 4106 2157 4168; x_wconf 73' lang='lat' dir='ltr'>Spart.</span> <span class='ocrx_word' id='word_1_548' title='bbox 2177 4107 2294 4154; x_wconf 85' lang='lat' dir='ltr'>Sev.</span> <span class='ocrx_word' id='word_1_549' title='bbox 2313 4119 2431 4168; x_wconf 76' lang='lat' dir='ltr'>cap.</span> <span class='ocrx_word' id='word_1_550' title='bbox 2454 4110 2504 4155; x_wconf 79' lang='lat'>3.</span> <span class='ocrx_word' id='word_1_551' title='bbox 2524 4108 2698 4155; x_wconf 73' lang='lat' dir='ltr'>Arutz.</span> 
     </span>
    </p>

    <p class='ocr_par' dir='ltr' id='par_1_15' title="bbox 1661 4180 2722 4404">
     <span class='ocr_line' id='line_1_102' title="bbox 1733 4180 2719 4247; baseline -0.002 -15"><span class='ocrx_word' id='word_1_552' title='bbox 1733 4184 1924 4232; x_wconf 74' lang='lat' dir='ltr'>Ornata</span> <span class='ocrx_word' id='word_1_553' title='bbox 1969 4188 2015 4231; x_wconf 78' lang='lat' dir='ltr'>et</span> <span class='ocrx_word' id='word_1_554' title='bbox 2057 4182 2164 4247; x_wconf 78' lang='lat' dir='ltr'>fide</span> <span class='ocrx_word' id='word_1_555' title='bbox 2201 4182 2399 4246; x_wconf 72' lang='lat' dir='ltr'>poribus</span> <span class='ocrx_word' id='word_1_556' title='bbox 2440 4180 2719 4246; x_wconf 66' lang='lat' dir='ltr'>composuit]</span> 
     </span>
     <span class='ocr_line' id='line_1_103' title="bbox 1661 4256 2722 4327; baseline -0.003 -18"><span class='ocrx_word' id='word_1_557' title='bbox 1661 4260 1821 4327; x_wconf 88' lang='lat' dir='ltr'>[Vide</span> <span class='ocrx_word' id='word_1_558' title='bbox 1846 4260 1972 4310; x_wconf 85' lang='lat' dir='ltr'>Not.</span> <span class='ocrx_word' id='word_1_559' title='bbox 1996 4257 2217 4323; x_wconf 85' lang='lat' dir='ltr'>Delph.]</span> <span class='ocrx_word' id='word_1_560' title='bbox 2263 4258 2394 4310; x_wconf 77' lang='lat' dir='ltr'>Quae</span> <span class='ocrx_word' id='word_1_561' title='bbox 2417 4263 2480 4307; x_wconf 73' lang='lat' dir='ltr'>en</span> <span class='ocrx_word' id='word_1_562' title='bbox 2498 4256 2722 4319; x_wconf 74' lang='lat' dir='ltr'>sublegit</span> 
     </span>
     <span class='ocr_line' id='line_1_104' title="bbox 1663 4334 2716 4404; baseline -0.007 -14"><span class='ocrx_word' id='word_1_563' title='bbox 1663 4337 1888 4390; x_wconf 81' lang='lat' dir='ltr'>Csssub.</span> <span class='ocrx_word' id='word_1_564' title='bbox 1912 4335 1980 4387; x_wconf 74' lang='lat' dir='ltr'>nd</span> <span class='ocrx_word' id='word_1_565' title='bbox 2019 4336 2194 4404; x_wconf 74' lang='lat' dir='ltr'>Spart.</span> <span class='ocrx_word' id='word_1_566' title='bbox 2233 4349 2350 4401; x_wconf 80' lang='lat' dir='ltr'>csp.</span> <span class='ocrx_word' id='word_1_567' title='bbox 2383 4338 2436 4386; x_wconf 72' lang='grc'><strong>3.</strong></span> <span class='ocrx_word' id='word_1_568' title='bbox 2469 4343 2526 4386; x_wconf 86' lang='lat' dir='ltr'>et</span> <span class='ocrx_word' id='word_1_569' title='bbox 2559 4334 2716 4385; x_wconf 72' lang='lat' dir='ltr'>Saltu.</span> 
     </span>
    </p>
   </div>
  </div>
 </body>
</html>
