3025 4934
683 400 971 479 sunm..
1007 399 1205 450 vlo‘r.
1254 396 1480 447 VIROS
1532 395 1885 446 [LLUSTRm
1933 393 2095 444 cAP.
2137 394 2236 443 vl.

343 548 520 600 Livius
556 545 829 596 nobiscum
857 542 1022 594 facit:
1056 545 1073 574 ⁴
1096 540 1402 604 Damarsti‚'

342 625 524 689 inquit,
553 622 845 674 ‘Corinthii
879 620 1015 671 filius
1051 629 1185 684 erat,
1223 619 1310 684 qui
1332 619 1401 670 ob

340 702 624 751 seditiones
664 699 820 748 domo
862 694 1154 762 profugus?
1193 698 1293 746 dte.
1346 702 1402 746 et

343 776 544 827 Plinius
567 787 748 825 xxxv.
771 778 821 824 3.
854 773 991 823 nude
1026 772 1231 836 quidam
1269 769 1400 821 falso

342 852 549 903 Cornel.
584 851 721 914 Nep.
757 848 907 913 hujus
947 848 1108 897 libelli
1131 856 1399 898 auctorem

339 928 514 979 fecere
558 935 836 988 conantur,
869 932 928 976 ut
968 926 1091 975 alibi
1124 924 1397 975 admonuit

337 1000 794 1068 ‘Cleophantum'
828 1002 1011 1067 inquit,
1044 1000 1398 1051 ‘Corinthium

337 1080 504 1129 tradit
543 1079 813 1129 Cornelius
848 1076 1028 1139 Nepos
1062 1085 1299 1127 secutum
1342 1078 1398 1126 in

340 1157 548 1207 Italiam
569 1157 906 1206 Damaratam
930 1154 1201 1219 Tarquinii
1218 1155 1401 1206 Rome·

338 1233 391 1281 ni
413 1231 555 1295 regis
593 1239 814 1294 patrem,
843 1228 1128 1292 fugientem
1159 1245 1190 1278 a
1215 1230 1398 1280 Corin·

340 1306 432 1357 tho
476 1306 690 1370 injurias
721 1305 931 1370 Cypseli
965 1303 1206 1369 tyranni.’
1271 1306 1399 1355 Vui-

339 1391 463 1449 gata
483 1396 608 1432 sene
624 1383 780 1432 lectio
802 1380 925 1431 ferri
950 1397 1050 1432 non
1076 1389 1270 1446 potest,
1289 1389 1398 1433 tum

340 1460 464 1524 quia
489 1458 747 1521 mutilum,
770 1466 877 1508 tum
912 1458 1032 1521 qnia
1068 1457 1249 1508 falsum
1282 1474 1398 1509 sen·

336 1552 449 1587 suin
485 1536 643 1586 habet
665 1553 681 1586 ι
715 1537 1032 1586 Damaratam
1067 1536 1202 1585 enim
1239 1537 1399 1587 Lace·

337 1612 703 1663 daemonioruin
727 1611 912 1661 ducem
935 1612 1089 1661 etiam
1107 1610 1398 1676 siguificare

335 1689 563 1752 videtur,
587 1688 671 1751 qui
699 1686 914 1736 Athenis
949 1688 1187 1737 exsulans
1220 1687 1272 1737 in
1307 1702 1400 1752 pa-

337 1765 490 1814 triam
536 1764 727 1827 impius
764 1761 883 1812 fuit.
952 1762 1153 1815 Herod.
1208 1764 1299 1816 lib.
1343 1778 1398 1814 v.

338 1840 509 1891 Pauli.
533 1840 691 1890 Oros.
722 1852 786 1888 ιι.
808 1841 856 1888 ⁹.
882 1837 1068 1887 δώσει.
1135 1837 1290 1888 Adde
1309 1838 1398 1890 Iu-

337 1923 499 1982 tespr.
523 1917 591 1965 ad
616 1917 650 1964 1.
670 1916 768 1979 2.§
794 1918 844 1964 2.
865 1912 921 1965 ff.
938 1915 1003 1964 de
1021 1915 1091 1966 Ο.
1109 1914 1165 1966 J.
1184 1925 1241 1965 et
1264 1931 1397 1981 prae·

335 1993 517 2044 sertim
540 1989 838 2056 Byukersh.
861 1992 912 2040 in
942 1990 1217 2042 Preterm.
1239 2008 1293 2057 p.
1315 1997 1397 2045 17.

340 2070 520 2121 Anus.

404 2146 657 2212 Cypselus]
686 2145 737 2195 A
768 2142 950 2211 κυψίλῃ
979 2144 1187 2195 dictus:
1223 2145 1274 2195 in
1296 2145 1398 2197 cis-

338 2223 444 2273 tula
467 2223 627 2285 enim,
657 2236 774 2272 cum
797 2221 865 2271 de
893 2222 1008 2285 ejus
1029 2227 1199 2272 morte
1217 2234 1400 2287 agere·

337 2306 443 2363 tur,
483 2299 712 2349 delituit.
776 2299 911 2349 Vide
947 2297 1176 2347 Pausan.
1208 2298 1263 2348 in
1299 2300 1398 2350 Co·

336 2374 621 2438 nathineis,
658 2375 870 2425 Lucian.
904 2375 958 2425 iu
997 2375 1299 2438 Lexipbane
1340 2385 1399 2426 et

334 2452 569 2503 Suidam.
622 2453 877 2516 Eundem,
901 2453 997 2502 nisi
1018 2451 1186 2517 falior,
1206 2454 1397 2505 Euseb.

335 2528 390 2578 in
429 2529 701 2580 Chronicis
745 2530 1057 2595 Byzantium
1106 2529 1397 2582 condidisse

336 2607 426 2664 ait,
475 2606 799 2671 Olympiadis
845 2619 981 2669 ιιι.
1022 2621 1159 2655 anuo
1189 2616 1397 2674 quarto,

336 2690 456 2746 post
478 2683 693 2733 Romam
717 2682 978 2733 conditam
999 2686 1085 2732 96.
1115 2680 1301 2733 Sekou-

399 2758 429 2821 §
464 2762 496 2807 2
528 2757 763 2823 memo]
800 2758 886 2808 De
907 2758 1057 2822 hujus
1072 2758 1286 2808 notione
1306 2772 1396 2810 no-

334 2835 489 2885 minis
523 2849 555 2884 e
590 2835 745 2887 Festo
770 2835 958 2897 Pomp.
980 2833 1147 2885 Turn.
1172 2832 1396 2886 Advers.

334 2925 398 2961 11.
417 2915 504 2963 28.
538 2919 595 2961 et
619 2911 965 2962 Ausoniarum
994 2911 1297 2962 Lectionum
1327 2925 1395 2963 n.

335 2994 415 3041 12.
450 2991 508 3043 J.
532 2990 782 3052 Scaliger.
815 2989 1002 3039 Solott-

398 3065 683 3129 Prqt‘ectus]
715 3066 846 3115 Mss.
867 3065 1031 3115 nostri
1056 3079 1252 3115 summo
1272 3079 1396 3123 con·

333 3158 509 3205 sensu,
553 3142 692 3208 quod
730 3143 942 3205 placet3
975 3140 1042 3191 de
1086 3140 1195 3192 filio
1239 3142 1394 3201 enim,

333 3233 435 3270 non
451 3220 521 3270 dc
537 3226 688 3282 patre
702 3220 985 3270 Demarato
998 3232 1185 3272 sermo.
1217 3219 1395 3270 Valer.

336 3309 427 3345 ιιι.
449 3301 502 3346 6.
542 3296 813 3359 legendus,
846 3294 932 3357 qui
963 3310 994 3343 a
1023 3295 1207 3357 Steph-
1228 3295 1395 3359 Pigh-

333 3377 415 3419 est
436 3369 762 3420 emendatus.
826 3369 1042 3432 vulgati
1073 3371 1212 3419 male
1230 3369 1394 3434 profu-

332 3463 443 3510 gus,
463 3447 565 3510 vel,
587 3454 646 3495 ut
662 3445 954 3509 Gryphius,
971 3444 1190 3509 profugit
1203 3461 1225 3504 ‚⁰
1257 3461 1393 3511 prae·

335 3530 417 3573 ter
449 3522 682 3572 historia
720 3521 1027 3571 veritatem:
1064 3524 1261 3572 namin
1286 3538 1392 3573 ma·

2404 377 2534 444 501

1475 539 1743 603 augurium
1785 537 2013 589 faciente
2045 537 2198 601 plura
2229 534 2367 599 apud
2391 535 2534 587 Plin.

1472 616 1566 666 lib.
1612 629 1671 666 ι.
1709 615 1962 666 invenies.
2009 614 2175 664 Mach-
2241 612 2423 663 Simile
2466 611 2535 663 de

1474 694 1648 758 aquila
1681 691 1973 757 prodigium
2009 690 2174 741 refert
2195 691 2358 741 AElius
2382 690 2535 740 Lam·

1473 767 1610 832 prid.
1652 769 1707 819 in
1762 768 1873 816 vita
1912 765 2163 817 Antonini
2221 766 2537 817 Diadumeni

1473 859 1627 909 capp.
1647 846 1698 894 4.
1721 851 1778 895 et
1802 848 1851 892 6.
1874 844 2063 894 δώσει.
2096 843 2271 908 Atque
2297 844 2371 892 ita
2393 842 2538 906 aqui-

1473 921 1540 971 1ae
1568 919 1734 970 futuri
1770 920 1974 985 imperii
2006 934 2155 969 omen
2184 917 2396 969 fuerunt
2417 919 2537 968 Clo·

1472 998 1563 1051 die
1579 997 1771 1048 Albino
1794 996 1932 1061 apud
1958 996 2180 1060 Capitol.
2202 996 2254 1044 in
2277 996 2394 1060 ejus
2415 996 2538 1047 vita

1472 1089 1591 1138 cap.
1627 1079 1679 1123 5.
1717 1087 1877 1138 quare
1909 1074 1961 1122 iu
1997 1073 2169 1122 Sacris
2207 1072 2333 1122 Litt.
2364 1073 2540 1136 aqulla

1471 1166 1649 1218 regem
1670 1151 1929 1216 designat,
1945 1159 2006 1202 ut
2030 1151 2215 1201 Ezech.
2230 1166 2278 1200 c.
2299 1164 2444 1201 xvii.
2468 1165 2542 1198 vs.

1473 1231 1521 1280 8.
1589 1228 1764 1280 Sidon.
1799 1227 2025 1290 Apollin.
2046 1242 2205 1278 carm.
2229 1241 2291 1277 η.
2327 1241 2403 1276 vs.
2428 1229 2544 1276 127.

1475 1311 1490 1333 ·
1511 1305 1710 1356 Multos
1742 1305 2018 1355 cinxerunt
2054 1304 2264 1369 aquilae,
2286 1303 2541 1353 subitum·

1472 1394 1574 1445 que
1607 1394 1702 1444 per
1725 1381 1902 1430 orbem
1926 1380 2073 1430 Lusit
2107 1387 2352 1429 venturas
2374 1379 2539 1430 famu-

1470 1458 1630 1511 latrix
1655 1472 1826 1522 venna
1859 1458 2126 1508 coronssz'
2159 1459 2246 1507 ubi
2271 1459 2371 1506 alia
2399 1458 2542 1511 doct.

1474 1534 1690 1584 Sauro.
1722 1533 1975 1583 Βασίλειον
1994 1535 2191 1595 σημεῖον
2210 1535 2430 1598 aquilam
2452 1550 2545 1597 ap-

1473 1612 1638 1675 pellat
1676 1611 1984 1676 Xenophon,
2026 1613 2160 1675 Exp.
2199 1612 2322 1673 Cyri
2354 1624 2391 1659 1.
2426 1615 2545 1662 160.

1471 1688 1750 1752 ed.Steph.
1796 1688 1929 1739 Inde
1954 1688 2175 1753 sceptris
2196 1702 2371 1750 regum
2397 1689 2545 1751 aqui-

1471 1764 1539 1814 1ae
1563 1764 1966 1829 superinpositae
1997 1772 2168 1819 erant,
2208 1764 2405 1826 siguum
2431 1778 2542 1813 ina-

1464 1842 1676 1904 jestatis
1724 1849 1780 1892 et
1832 1838 2015 1891 summi
2057 1841 2277 1905 imperii.
2342 1840 2541 1892 Confer

1472 1917 1752 1981 spanhem.
1790 1916 1859 1966 de
1904 1919 2094 1967 Praest.
2135 1924 2193 1966 et
2225 1917 2337 1967 Usu
2378 1917 2541 1968 Num.

1472 1994 1600 2044 diss.
1623 2007 1699 2042 iv.
1721 2009 1774 2058 p.
1801 1998 1914 2043 171.
1949 1995 2126 2045 Arnis-
2341 2030 2346 2035 .

1538 2071 1568 2134 ξ
1590 2072 1623 2120 4
1652 2069 1868 2135 Coniux]
1903 2070 2157 2120 Coliuaeus
2179 2067 2412 2128 excudit,
2434 2083 2538 2122 non

1469 2147 1605 2196 male
1623 2161 1640 2207 3
1661 2148 1736 2197 sic
1756 2155 1812 2196 et
1834 2147 2032 2210 lapides
2050 2144 2357 2211 frequenter
2375 2162 2393 2208 ς
2416 2159 2536 2198 nam

1469 2224 1687 2285 conjugis
1706 2222 1904 2289 obliqui
1924 2222 2137 2273 habent.
2170 2223 2361 2273 Schott.

1482 2330 1487 2341 ·
1537 2300 1863 2361 Augurium
1914 2298 2093 2363 perita]
2144 2300 2392 2350 Testatur
2438 2300 2542 2351 boc
2611 2317 2630 2333 0

1471 2373 1673 2424 Arnob.
1696 2374 1815 2425 adr.
1839 2374 2040 2425 Gentes
2079 2374 2170 2424 lib.
2204 2389 2257 2423 v·
2281 2390 2403 2439 pag.
2425 2379 2539 2426 169.

1471 2457 1486 2479 ‘
1508 2451 1676 2503 Quem
1711 2465 1825 2501 cum
1857 2452 2110 2518 Tanaquil
2139 2452 2431 2502 dimoveret
2467 2453 2537 2503 E·

1471 2527 1650 2578 truria!
1672 2526 2065 2590 disciplinarum
2088 2526 2292 2591 pen-its:
2326 2530 2505 2578 Arute-

1533 2604 1612 2667 §5
1636 2603 1873 2666 Regnum·
1896 2602 2173 2667 intercepit]
2205 2603 2335 2653 Mox
2368 2603 2537 2655 minis·

1471 2679 1624 2729 traem‘t
1645 2680 1804 2730 habet
1827 2680 2029 2730 Boend.
2062 2680 2238 2730 Aratz.

1534 2755 1685 2819 ἅμα]
1718 2756 1809 2806 Sic
1832 2755 1899 2805 de
1917 2756 2099 2807 Servio
2120 2755 2294 2805 Tullio
2318 2757 2381 2806 L.
2399 2754 2537 2806 Anu.

1469 2828 1613 2881 Flor.
1635 2832 1744 2881 sive
1763 2833 1805 2881 is
1829 2832 2033 2883 Seneca
2055 2841 2155 2883 est.
2203 2833 2367 2897 Atqui
2391 2834 2537 2885 Pris-

1468 2922 1562 2958 cus
1584 2910 1763 2971 populi
1776 2909 1946 2973 jussu,
1977 2917 2033 2959 et
2057 2910 2277 2960 Patrum
2309 2911 2536 2961 auctori·

1468 2993 1602 3053 tate,
1637 2996 1694 3037 et
1735 2989 2002 3052 auspicato
2040 3002 2134 3038 rex
2177 2997 2383 3038 creatus
2418 2996 2538 3051 est3

1469 3077 1568 3113 nec
1605 3071 1718 3114 crat
1749 3079 1961 3128 reguum
1996 3065 2284 3114 Romanum
2317 3066 2536 3116 haeredi·

1468 3142 1678 3206 tarium,
1712 3143 1944 3207 quamvis
1977 3143 2254 3208 Dionysius
2283 3146 2534 3209 sic'saepe

1467 3227 1639 3270 vocet.
1676 3218 1865 3269 Schott.
1931 3219 2017 3269 Ita
2058 3219 2124 3268 de
2160 3221 2340 3290 Servio
2366 3221 2534 3272 Tullio

1468 3294 1656 3344 Florus
1677 3307 1717 3343 ι.
1740 3298 1791 3346 6.
1813 3303 1828 3325 ‘
1844 3294 2167 3346 Substitutus
2188 3296 2241 3346 in
2263 3297 2431 3348 locum
2451 3312 2534 3349 re-

1428 3370 1547 3433 ‘gis
1594 3371 1738 3436 quasi
1786 3371 1853 3421 ad
1894 3380 2121 3437 tempus,
2163 3386 2377 3435 regnum
2412 3372 2535 3425 dolo

1468 3452 1676 3510 portum
1725 3447 1802 3496 sic
1845 3448 1958 3511 egit
2005 3448 2275 3503 industrie,
2316 3457 2373 3498 ut
2407 3449 2532 3512 jure

1467 3521 1691 3585 adeptus
1736 3522 2036 3573 videretur?
2100 3524 2306 3574 Neuter
2360 3533 2531 3583 autem

333 3599 435 3650 lam
471 3598 585 3648 fere
625 3604 827 3659 psi-tem
850 3597 1123 3660 accipitur.
1149 3597 1393 3649 schottus.
1456 3599 1580 3663 jure
1605 3599 1827 3663 adeptus
1863 3614 2097 3664 reguum.
2127 3602 2360 3664 quamvis
2389 3611 2532 3653 nter-

333 3675 588 3737 Profectus
633 3687 810 3724 omnes
852 3673 1054 3736 scripti.
1122 3674 1206 3722 De
1243 3674 1392 3737 cujus

334 3753 573 3803 lectionis
595 3750 815 3800 veritate
837 3748 1067 3800 dubitari
1095 3765 1195 3801 uon
1217 3751 1393 3802 debet.

332 3829 488 3879 Corn.
513 3828 654 3891 Nep.
691 3828 743 3877 iu
777 3828 922 3877 Milt·
953 3841 1001 3878 c.
1021 3831 1069 3878 2.
1090 3829 1119 3891 ς
1139 3833 1190 3880 4.
1226 3837 1242 3860 ‘
1261 3831 1390 3880 Cum

334 3913 491 3955 vento
514 3904 681 3954 borea,
708 3904 862 3953 domo
882 3901 1148 3966 profectus
1179 3919 1244 3955 eo
1274 3921 1392 3970 per·

334 3983 564 4032 venisset
580 3979 616 4032 ε’
650 3988 707 4029 et
729 3995 847 4043 cap.
877 3984 925 4030 1.
958 3982 1057 4044 §60
1089 3982 1225 4031 Vide
1247 3984 1392 4034 Coi-t.

335 4058 399 4109 sd
421 4058 640 4108 sallust.
661 4058 784 4120 Jug.
809 4057 1113 4119 cap-102·§
1137 4061 1186 4106 1.
1237 4058 1392 4109 Cete-

337 4147 446 4183 rum
487 4133 742 4196 Tarquinis
779 4146 875 4194 pro
917 4131 1190 4195 Tarquiniis
1225 4142 1307 4184 est
1341 4134 1394 4183 in

336 4210 513 4260 flauo.
534 4209 688 4259 male·
716 4208 896 4259 Arntz.

354 4284 430 4350 .§
450 4289 483 4336 8
500 4284 705 4350 Aquila]
734 4284 817 4335 De
839 4284 1012 4349 aquila
1030 4285 1208 4350 regius
1222 4285 1393 4338 avium

1466 3688 1566 3738 que
1591 3674 1797 3724 demum
1810 3675 1961 3740 jussu
1985 3675 2185 3739 populi,
2207 3676 2533 3743 Pati-nmque

1465 3750 1736 3801 voluntate
1750 3752 2075 3816 regnaverit3
2091 3752 2229 3816 quod
2244 3753 2377 3803 alter
2397 3755 2529 3803 clam

1465 3825 1741 3889 irrepserit
1772 3827 1825 3876 in
1850 3841 2061 3889 regnum
2083 3845 2099 3888 ;
2132 3837 2188 3877 et
2207 3829 2394 3879 Patres
2411 3844 2528 3881 eum

1467 3917 1567 3952 non
1594 3910 1698 3953 tam
1726 3905 1862 3955 ultro
1891 3905 2055 3955 videri
2073 3915 2269 3970 queant
2292 3906 2529 3969 elegisse,

1466 3994 1617 4044 quam
1642 3980 1841 4029 coacti:
1879 3980 2023 4042 prior
2051 3995 2176 4031 vero
2201 3990 2255 4029 et
2290 3972 2530 4034 anibltio-

1466 4072 1523 4104 se
1535 4070 1756 4118 regnum
1781 4057 1955 4120 petiit,
1976 4062 2032 4106 et
2055 4056 2120 4106 ab
2145 4071 2206 4105 eo
2228 4055 2528 4110 fraudulen-

1467 4140 1554 4183 ter
1606 4133 1828 4183 exclusit
1880 4134 2074 4183 liberos
2112 4132 2268 4191 Anci,
2303 4136 2527 4198 pupillos

1467 4223 1621 4272 snos,
1654 4209 1741 4274 qni
1781 4216 1928 4259 certe
1968 4209 2251 4273 Tarquinio
2291 4208 2530 4273 praeferri

1470 4287 1738 4347 debebant
1753 4285 1987 4352 (etiamsi
2007 4299 2216 4350 reguum
2240 4286 2527 4340 Romanum
