3025 4934
518 390 806 443 Aunes..
841 391 1039 441 vlcr.
1073 381 1303 442 vutos
1355 392 1715 443 muus'rn.
1764 391 1931 443 eu.
1980 392 2280 443 xxxix.
2365 378 2495 460 691

301 530 409 583 Att.
434 532 604 597 Epist.
631 547 758 584 vm.
785 538 866 584 12.
891 532 1047 598 Apud
1070 534 1224 600 virg.
1246 534 1363 585 AEn.

298 620 382 658 ιιι.
419 613 536 658 701.
580 609 636 658 in
686 609 873 659 codice
930 610 1127 674 scripto
1184 610 1362 660 iuveni

301 682 608 749 Cunurinum,
664 685 728 734 In
749 683 996 734 similibus
1015 685 1225 735 vocibus
1247 699 1363 748 pro-

299 759 486 811 miscue
518 775 551 809 u
582 769 639 809 et
670 775 697 810 e
726 760 974 810 adhibere
998 769 1205 812 veteres
1229 769 1286 810 ut
1311 762 1363 810 in

299 851 478 886 mura
501 845 560 886 et
582 852 770 887 camera
799 837 1046 887 observat
1074 839 1140 887 ad
1172 839 1364 888 Sallus·

300 912 356 962 tii
378 913 535 963 Catil.
560 927 612 963 c.
632 918 717 962 65.
740 915 767 977 ξ
791 918 840 963 4.
866 914 1092 964 Curtius.
1124 914 1300 966 Arntz.

360 989 653 1052 Calpurnius
668 989 910 1053 Flamma]
930 991 1012 1040 Sic
1031 1006 1061 1039 a
1077 990 1227 1042 Livio
1239 1005 1366 1055 quo·

297 1079 390 1129 qne
431 1059 520 1116 lib.
560 1079 688 1115 xxs.
735 1065 976 1115 tribunus
1020 1073 1365 1130 nuncupatur.

300 1141 371 1190 M.
396 1155 700 1204 praenomeu
725 1141 777 1190 in
805 1141 1023 1191 Liviana
1042 1143 1287 1206 Epitoma
1310 1148 1365 1193 et
1397 1180 1407 1186 .

297 1216 347 1264 in
382 1216 559 1267 Plinio
591 1229 742 1266 xxn.
766 1219 818 1266 6.
876 1218 954 1266 Μ.
981 1218 1114 1267 Ceto
1152 1219 1205 1268 iu
1244 1218 1363 1268 Ori'·

296 1292 398 1355 gin.
426 1295 443 1321 ⁴
464 1293 535 1345 Q.
560 1291 829 1343 Ceditium
846 1292 862 1315 '
898 1302 1070 1344 voest.
1138 1294 1364 1348 Quadri·

297 1368 460 1434 garius
509 1368 704 1418 Annal.
749 1368 843 1417 lib.
881 1382 970 1419 ιιι.
1009 1368 1363 1419 ‘Laberium’

297 1443 369 1492 Tu
400 1446 518 1507 lege
542 1437 720 1508 Agell.
750 1457 848 1495 ιιι.
879 1448 930 1493 7.
966 1446 1054 1494 ubi
1089 1461 1203 1495 cum
1238 1462 1364 1512 qus·

297 1518 580 1584 driugentis
618 1520 870 1570 militibus
906 1521 957 1569 in
998 1522 1197 1572 hostem
1235 1536 1363 1585 pug-

297 1610 440 1646 nasse
469 1597 735 1647 tribunum
759 1595 925 1646 refert
948 1612 1015 1647 ex
1037 1598 1237 1649 catone
1259 1599 1367 1650 illo.

296 1673 427 1723 Vide
461 1680 520 1724 et
555 1673 792 1723 Frontin.
817 1674 906 1723 lib.
929 1688 970 1723 1.
1004 1674 1196 1725 Schott.
1261 1677 1362 1725 Es-

295 1748 407 1799 dem
453 1750 729 1800 Fabricius
777 1749 842 1799 sd
892 1750 1048 1800 Oros.
1091 1765 1173 1801 xv.
1212 1756 1262 1803 8.
1307 1759 1365 1804 et

294 1824 523 1875 Freinsh.
550 1826 616 1876 ud
646 1827 790 1877 Flor.
813 1839 854 1876 1.
877 1830 928 1876 2.
951 1828 980 1892 §
1005 1831 1087 1877 13.
1103 1828 1274 1879 Arutz.

352 1903 533 1971 Sociis]
565 1906 644 1954 Ex
670 1906 799 1954 Mss.
821 1914 924 1970 est,
945 1913 1000 1956 et
1023 1907 1110 1971 qui
1127 1907 1365 1972 sequitur

293 1982 537 2032 orationis
555 1981 777 2032 ambitus
798 1983 950 2033 aliter
971 1985 1145 2047 paullo
1167 2000 1196 2034 a
1214 1984 1361 2036 uobis

294 2057 641 2123 interpolatus
661 2074 728 2109 ex
749 2058 896 2110 libris
912 2059 1157 2125 antiquis.
1178 2060 1361 2113 Schott.

295 2136 486 2198 Contra
521 2151 829 2188 consensum
866 2144 1039 2191 tamen
1061 2140 1286 2188 omnium
1307 2152 1361 2187 a·

297 2215 393 2278 pud
417 2230 513 2266 nos
541 2215 780 2265 codicum
806 2220 861 2265 et
883 2215 1188 2265 editionum.
1248 2215 1361 2268 Sed

294 2293 386 2343 bac
412 2295 466 2343 in
491 2309 625 2344 voce
647 2292 806 2344 facile
839 2293 1045 2344 Schotti
1075 2293 1361 2347 emendati-

295 2385 462 2434 onem,
487 2385 643 2435 qnam
668 2386 734 2420 ex
757 2367 966 2433 scriptis
999 2384 1112 2419 esse
1149 2369 1361 2434 profite-

296 2453 395 2511 tur,
419 2448 689 2512 potuimus
718 2448 1034 2508 admittere3
1064 2446 1116 2496 in
1142 2461 1361 2512 sequen·

294 2524 430 2577 tibus
451 2537 561 2572 uon
584 2523 727 2578 item.
783 2520 867 2572 Ibi
891 2521 1029 2571 euim
1055 2528 1362 2585 reposuerat

294 2595 509 2651 iuventus
530 2604 622 2649 est.
668 2599 892 2653 Senatus,
916 2613 1034 2648 cum
1059 2607 1217 2648 antea
1239 2598 1360 2648 ede·

298 2686 437 2725 retur
457 2676 687 2725 inventus
707 2680 753 2724 et
772 2679 1006 2725 motum·
1053 2674 1206 2726 Quod
1236 2675 1359 2725 ideo

296 2766 391 2801 non
414 2752 631 2802 videtur
655 2752 920 2811 tolerasse,
942 2751 1063 2816 quia
1086 2752 1138 2800 in
1162 2766 1361 2815 praece-

296 2828 546 2882 dentibus
579 2829 829 2892 scriptum
867 2837 1001 2890 erat,
1022 2828 1360 2891 Calpurnium

295 2906 552 2955 cecidisse
581 2919 700 2955 cum
734 2905 860 2966 suis,
879 2903 1136 2969 adeoque,
1171 2911 1230 2955 ut
1267 2920 1359 2967 pu-

296 2984 458 3044 tabat,
481 2984 537 3033 in
561 2983 741 3046 praelio
763 2997 880 3031 enm
903 2981 1222 3032 occubuisse.
1255 2982 1359 3031 Sed

295 3057 493 3110 fallitur
540 3059 619 3107 vir
663 3058 1060 3113 eruditissimus,
1093 3071 1208 3106 cum
1244 3065 1360 3108 ‘ca-

294 3134 417 3187 dere
434 3134 450 3157 '
485 3135 646 3185 etium
669 3134 790 3184 olibi
813 3133 1025 3185 dicutur*
1049 3132 1114 3182 de
1146 3132 1247 3183 illis
1269 3133 1360 3198 qui

292 3210 343 3261 iu
388 3225 568 3276 pugna
611 3211 761 3274 gravi
784 3210 1000 3260 vulnere
1043 3206 1360 3274 sffliguntun

293 3289 529 3351 quamvis
571 3289 680 3337 vivi
723 3287 781 3337 in*
821 3293 993 3337 castra
1047 3285 1359 3336 referantur.

295 3365 471 3415 Livius
510 3378 634 3419 ιιι.
664 3368 715 3415 7.
769 3362 1064 3414 ‘Haunibsl
1086 3364 1216 3427 ipse,
1237 3363 1360 3414 dum

296 3456 497 3494 murum
520 3443 778 3492 incautius
800 3441 957 3500 subit,
979 3442 1254 3491 adversum
1286 3438 1359 3492 fe·

295 3533 408 3570 mur
441 3519 650 3581 tragula
686 3518 917 3583 graviter
952 3519 1088 3567 ictus
1128 3517 1361 3567 cecidit.’

297 3594 650 3645 Hannibalem
690 3605 877 3645 tumen-
908 3609 971 3645 eo
1009 3595 1219 3644 vulnere
1257 3608 1359 3644 uon

297 3673 513 3735 periisse
558 3672 734 3721 tristis.
778 3672 1028 3721 Romanoe
1071 3672 1204 3734 reip.
1247 3670 1363 3720 feta

297 3746 606 3805 docneszunt.
671 3747 822 3797 Idem
878 3746 1057 3795 Livius
1102 3758 1360 3798 xxxvut.

293 3827 373 3873 47.
406 3826 424 3853 ‘
440 3824 510 3877 Q.
533 3825 797 3874 Minucius
817 3823 1068 3874 Thermus
1090 3837 1206 3872 cnm
1230 3824 1361 3872 mul·

298 3901 362 3949 tis
384 3900 508 3951 viris
537 3899 762 3949 fortibus
795 3898 1024 3957 cecidit?
1087 3899 1255 3951 Quem
1270 3908 1358 3948 tu·

200 4005 215 4023 .
299 3990 412 4027 men
434 3977 489 4026 in
512 3976 626 4040 ipso
649 3976 830 4040 praelio
852 3986 1113 4025 mortuum
1144 3989 1247 4025 non
1276 3973 1358 4025 fn-

300 4052 526 4116 isse,sed
545 4066 703 4117 grave
723 4053 904 4102 vulnus
920 4052 1360 4115 occepisse‚patet

301 4143 362 4178 ex
382 4144 500 4194 cap.
534 4143 649 4194 seq.
679 4133 762 4180 49.
808 4128 826 4155 ‘
843 4127 930 4178 Ne
954 4143 1021 4178 ex
1044 4129 1257 4177 vulnere
1282 4127 1360 4176 vir

298 4204 438 4256 fortis
463 4220 523 4257 sc
548 4213 791 4255 strenuus
821 4205 889 4257 Q.
911 4204 1167 4254 Minucios
1193 4218 1359 4254 more·

299 4281 475 4337 retur?
542 4282 703 4335 Corn.
738 4282 924 4349 Nepos
957 4282 1013 4335 in
1047 4281 1282 4338 Eumene
1311 4295 1361 4336 c.

1436 540 1486 586 4.
1521 536 1537 565 ⁴
1555 535 1709 587 Cadit
1731 536 1981 587 Craterus
2004 535 2110 587 dux
2134 544 2190 588 et
2214 537 2499 601 Neoptole-

1437 627 1570 674 mus,
1586 613 1673 677 qui
1696 614 1979 663 secuudum
2001 614 2170 664 locum
2197 615 2399 679 imperii
2425 622 2502 664 te·

1437 689 1635 739 nebat?
1696 689 1861 754 Atqui
1884 691 1935 739 in
1959 691 2074 754 ipsa
2099 704 2269 754 pugna
2298 705 2398 741 non
2422 690 2503 740 fu·

1436 766 1539 815 isse
1561 765 1897 817 interfectum
1921 772 2131 816 constat
2154 781 2216 815 ex
2241 767 2503 830 sequenti·

1438 842 1535 892 bns
1557 842 1791 906 ejusdem
1811 842 2036 906 capitis:
2067 843 2083 871 ‘
2100 843 2359 891 Eumenes
2374 843 2504 892 Cra·

1437 922 1630 977 terum,
1672 931 1739 967 ex
1785 918 1896 966 scie
1940 917 2242 965 semivivum
2287 917 2503 980 elutum,

1438 1007 1680 1045 recreare
1715 992 1954 1048 studuit.'
2016 993 2157 1045 Just.
2193 1006 2268 1043 νι.
2306 998 2353 1043 8.
2389 996 2416 1058 §
2450 998 2503 1044 2.

1437 1071 1610 1142 ‘bNam
1634 1078 1692 1120 ut
1715 1072 1911 1121 relatus
1930 1071 1982 1120 in
1998 1079 2172 1121 cestra
2192 1069 2504 1122 semianimis

1439 1162 1621 1198 vocem
1644 1148 1989 1213 spiritumque
2011 1147 2244 1211 collegit,
2268 1148 2319 1197 id
2342 1137 2504 1198 unum

1438 1237 1470 1273 e
1503 1224 1960 1285 circumstantibus
1982 1222 2239 1289 qnaesivit,
2263 1237 2381 1272 uum
2418 1238 2505 1272 cs·

1438 1299 1585 1349 denti
1620 1299 1720 1349 sibi
1755 1308 1958 1350 sentum
1993 1300 2274 1350 ademisset
2302 1287 2506 1350 hostis?

1436 1373 1557 1425 Hoc
1577 1390 1693 1440 esp.
1732 1391 1889 1440 praec.
1913 1379 1943 1442 ς
1967 1381 2047 1426 11.
2083 1378 2099 1406 ‘
2120 1377 2370 1428 Graviter
2390 1377 2504 1427 vul·

1435 1455 1610 1502 necari
1630 1454 1870 1502 dixerut?
1902 1452 2076 1503 Amm.
2098 1453 2339 1503 Marcell.
2361 1466 2503 1504 xxv.

1435 1533 1484 1578 3.
1509 1545 1559 1593 p.
1583 1533 1700 1581 454.
1724 1530 1814 1580 ubi
1837 1530 1904 1581 de
1927 1531 2135 1583 ,Iuliano
2159 1531 2304 1580 letali
2323 1532 2503 1581 vulne-

1436 1619 1492 1654 re
1549 1614 1770 1670 accepto
1796 1622 1811 1656 ε
1876 1610 1892 1636 ‘
1919 1607 2059 1672 quod
2115 1607 2505 1670 percunctando

1435 1681 1716 1748 Phrygium
1742 1684 1992 1748 appellari
2026 1684 2218 1747 locum,
2246 1684 2330 1734 ubi
2367 1685 2505 1734 ceci·

1436 1758 1609 1821 derat,
1645 1749 1933 1824 comperit?
2001 1759 2215 1810 Iscunus
2250 1760 2318 1810 de
2352 1759 2503 1810 Bello

1433 1834 1577 1899 Troj.
1602 1848 1680 1885 tv.
1701 1840 1817 1886 402.
1862 1836 1880 1864 ‘
1898 1837 2047 1886 Titne
2083 1836 2162 1886 bis
2190 1838 2346 1886 ullum
2370 1836 2503 1885 Per·

1435 1910 1604 1959 cnties
1644 1910 1847 1960 hostem
1870 1911 1890 1960 ?
1944 1912 2172 1976 quisquis
2217 1914 2300 1961 vel
2344 1912 2505 1962 sentit

1434 1983 1715 2047 Achillem,
1738 1984 1976 2037 Sufficiat
2017 1986 2271 2036 cecidisse
2307 1989 2502 2036 semel:

1437 2068 1529 2109 tua
1552 2058 1769 2110 fulmina
1788 2076 1965 2124 passus
1991 2060 2222 2112 Alterius
2244 2077 2345 2112 nou
2367 2078 2503 2113 mor-

1436 2137 1503 2185 tis
1549 2136 1706 2199 eget!
1768 2139 1889 2191 Quo
1931 2138 2048 2188 loco
2091 2139 2280 2187 vellem
2329 2139 2503 2203 legere

1432 2214 1628 2264 vulnera
1659 2228 1858 2278 passu-53
1902 2214 1953 2264 id
1991 2221 2091 2276 est,
2122 2214 2371 2265 ‘vulnere
2392 2232 2422 2264 u
2447 2222 2503 2265 te

1432 2289 1616 2340 illata!
1681 2294 1696 2318 ⁴
1716 2292 1945 2341 Vulnera
1970 2292 2081 2355 pati
2100 2290 2116 2314 ’
2152 2292 2375 2342 Ovidius
2397 2291 2501 2355 Ep.

1435 2368 1566 2418 Her.
1588 2382 1650 2419 11.
1675 2373 1759 2418 48.
1784 2372 1901 2420 Αιιι.
1927 2370 2009 2419 El.
2033 2382 2096 2418 ιι.
2121 2372 2201 2417 14.
2223 2372 2273 2417 3.
2292 2376 2347 2418 et
2360 2368 2505 2420 alibi.

1437 2446 1688 2495 Similiter
1710 2446 1811 2495 alin
1825 2445 2009 2515 verbu,
2032 2460 2148 2509 quae
2174 2443 2373 2507 vulgari
2396 2445 2501 2507 sig-

1437 2522 1737 2572 nificatione
1751 2528 1971 2570 mortem
1993 2520 2287 2584 designaut,
2301 2518 2365 2568 de
2387 2534 2503 2584 grn-

1436 2599 1668 2649 vioribus
1706 2598 2005 2649 vulneribus
2043 2605 2099 2645 et
2136 2598 2304 2660 plagis
2340 2609 2505 2659 expo-

1422 2675 1605 2725 nenda
1650 2682 1787 2725 sunt.
1850 2676 2051 2725 Seneca
2077 2672 2143 2722 de
2168 2673 2333 2722 Clem.
2356 2686 2395 2721 1.
2421 2674 2504 2723 14.

1434 2758 1451 2781 ‘
1469 2752 1713 2817 Equitem
1739 2751 2021 2802 Romanum
2043 2749 2290 2798 memoris
2310 2757 2507 2811 nostru,

1435 2829 1559 2892 quin
1593 2826 1753 2877 filium
1783 2841 1931 2876 suum
1967 2823 2185 2890 flagellis
2217 2824 2504 2888 occiderat,

1437 2904 1661 2968 populus
1699 2904 1751 2952 in
1792 2901 1907 2953 foro
1952 2902 2178 2966 graphiis
2219 2899 2455 2950 confodit
2470 2899 2508 2949 ι’

1437 2980 1580 3031 illum
1619 2986 1792 3028 nutem
1832 2992 1933 3027 non
1974 2974 2308 3026 interfectum
2347 2974 2441 3023 sed
2472 2990 2505 3024 n

1437 3057 1649 3107 Caesure
1685 3056 1840 3106 morti
1876 3061 2113 3117 ereptum
2155 3066 2270 3101 esse
2307 3051 2503 3101 ibidem

1436 3134 1685 3198 sequitur.
1751 3131 1858 3182 Adi
1883 3131 1948 3180 ad
1973 3131 2113 3180 illum
2137 3130 2305 3179 locum
2330 3127 2500 3193 Lipsi-

1437 3224 1543 3260 um.
1599 3209 1777 3259 Caesur
1814 3207 1951 3257 Bell.
1985 3207 2122 3256 Gan.
2162 3218 2249 3257 ιιι.
2294 3210 2344 3254 6.
2387 3206 2415 3268 ξ
2451 3207 2532 3253 2.’

1437 3287 1633 3339 ‘Quem
1669 3286 1897 3336 Nervico
1932 3283 2115 3348 praelio
2147 3280 2502 3344 compluribus

1438 3360 1733 3413 confectum
1765 3360 2063 3411 vulneribus
2084 3356 2345 3408 diximus.'
2400 3357 2502 3407 Ille

1437 3445 1613 3489 temen
1645 3446 1830 3503 postea
1852 3444 1907 3488 et
1931 3437 2059 3486 vixit
2089 3445 2143 3485 et
2176 3451 2257 3485 res
2289 3433 2503 3484 fortiter

1436 3516 1619 3578 gessit,
1658 3522 1719 3564 nt
1761 3514 2036 3578 sequentia
2080 3514 2302 3563 Caesaris
2340 3511 2502 3562 verbs

1435 3590 1687 3641 indicunt.
1753 3590 1876 3641 Non
1914 3589 2167 3639 debuerat
2209 3588 2370 3653 igitur
2403 3587 2501 3637 hoc

1433 3666 1550 3716 loco
1566 3667 1843 3731 quidquam
1862 3674 2063 3718 mutere
2079 3665 2348 3724 Schottus,
2366 3678 2503 3727 prae·

1433 3743 1616 3793 sertim
1652 3757 1771 3793 cum
1815 3757 1969 3792 nemo
2012 3741 2183 3791 sanior
2224 3739 2499 3794 historicus

1436 3831 1663 3885 unquam
1708 3817 1903 3868 dixerit
1946 3817 2015 3867 de
2069 3833 2179 3880 rep.
2224 3816 2497 3864 Romana:

1434 3905 1449 3927 ‘
1465 3897 1688 3947 Senatus
1714 3897 1902 3947 terrori
1923 3895 2156 3946 hostibus
2177 3892 2318 3943 fuit.’
2349 3893 2501 3942 Tulin

1432 3972 1707 4028 offendunt
1729 3988 1880 4023 aures
1916 3982 1972 4023 et
2002 3972 2229 4037 ineptias
2253 3969 2501 4034 produnt.

1433 4052 1623 4116 Neque
1647 4066 1824 4102 verum
1850 4059 1929 4099 est
1952 4048 2282 4113 Calpurnium
2317 4047 2501 4109 periis-

1431 4143 1508 4189 se,
1551 4143 1667 4178 cum
1709 4128 1964 4184 unanimis
2018 4129 2086 4176 sit
2137 4124 2498 4174 historicorum

1433 4218 1732 4270 consensus,
1764 4220 1881 4254 eum
1915 4203 2111 4254 amissis
2144 4201 2335 4251 ceteris
2375 4215 2497 4249 evu-

1431 4283 1577 4337 sisse.
1642 4283 1759 4338 Nec
1780 4279 2044 4336 offendere
2066 4277 2225 4338 debet
2252 4275 2498 4344 repetitio
