3025 4934
723 371 1245 452 aununaevw‘r'.
1293 394 1712 462 aaronem,
1758 396 1925 448 oar.
1975 395 2121 447 xx.

298 545 553 612 legerint.
607 544 697 598 Sic
717 544 848 596 etin
868 543 1106 595 Terentii
1125 556 1183 593 se
1203 534 1374 606 ipsum

305 624 581 675 cruciante
603 628 726 673 actu
749 634 804 671 ν.
825 620 1079 685 scriptum
1112 621 1167 669 in
1198 618 1376 668 melio·

302 701 451 750 ribus
465 699 613 750 libris
632 699 769 749 idem
788 712 872 747 me
895 697 1114 757 monuit,
1149 694 1166 721 ‘
1182 695 1374 747 Quem-

303 790 533 841 quamne
556 775 727 825 animo
750 782 855 824 tam
877 772 1135 824 communi
1156 769 1376 822 autleni

305 858 467 916 putas
484 850 523 900 ξ’
568 850 896 914 Quamquam
953 848 1157 899 idemne
1204 847 1378 897 valeat

300 929 404 977 eois
425 926 566 993 qnod
586 926 732 976 comis
752 925 948 992 liquido
971 923 1230 975 affirmare
1252 925 1375 975 Mu·

304 1011 458 1054 retus
496 1018 594 1053 non
626 1002 807 1068 possit.
877 1002 948 1052 Et
980 1001 1120 1066 apud
1149 1002 1375 1066 Tranqu-

302 1080 362 1131 in
381 1080 602 1131 Claudio
621 1095 672 1130 c.
688 1083 773 1128 21.
805 1080 822 1109 ‘
838 1079 956 1129 Nec
975 1079 1081 1128 ullo
1103 1086 1377 1142 spectacu-

302 1157 347 1207 li
386 1171 579 1221 genere
613 1156 935 1225 communior
975 1161 1070 1206 aut
1114 1154 1377 1206 remissior

307 1231 465 1284 erat.’
497 1232 685 1282 δρῶσα.

374 1312 406 1376 §
419 1314 454 1361 6
475 1309 559 1360 Aa
577 1323 722 1373 usque
735 1305 994 1370 Μίκωνα]
1018 1307 1184 1375 [Vide
1201 1308 1379 1360 Lectt.

307 1383 463 1448 Van]
506 1386 647 1435 Vocis
678 1394 860 1436 contra
892 1384 1017 1435 edd.
1040 1399 1248 1451 quoque
1285 1386 1378 1435 ad-

306 1463 443 1514 dunt
460 1476 637 1512 omnes
660 1461 843 1512 nostri.
874 1460 1051 1510 Arutz.

378 1540 521 1591 cu».
546 1552 673 1589 nx.
697 1541 773 1603 §8
811 1539 1029 1587 Emeum
1048 1539 1379 1588 damnatum

306 1617 449 1666 nodo
477 1612 682 1677 cervice]
714 1614 843 1663 Tale
864 1613 993 1678 quid
1014 1612 1129 1663 fieri
1151 1616 1379 1677 solitum,

309 1693 522 1744 haurire
543 1701 624 1742 est
642 1706 708 1742 ex
730 1689 952 1740 formula
969 1693 1190 1755 vulgari,
1212 1698 1228 1720 ‘
1245 1706 1375 1755 ρη-

308 1767 460 1820 bere'
470 1775 563 1818 aut
578 1767 870 1829 ‘porrigere
885 1764 1179 1815 cervicem?
1214 1767 1376 1816 Seue·

306 1859 373 1899 ea
389 1845 559 1908 Epist.
579 1848 662 1894 82.
686 1843 853 1892 ‘Mors
868 1842 958 1893 illa
972 1856 1090 1908 quae
1107 1842 1158 1891 in
1175 1842 1376 1894 Catone

309 1922 538 1985 gloriosa
571 1929 669 1976 est,
709 1920 761 1969 iu
794 1920 964 1969 Bruto
1003 1919 1178 1969 statim
1210 1919 1376 1983 turpis

309 2006 397 2048 est
440 2004 497 2046 et
539 1995 903 2046 erubescenda
919 2012 933 2041 ε
984 1995 1070 2044 hic
1113 2001 1195 2045 est
1236 1996 1376 2045 enim

306 2074 533 2137 Brutus,
584 2074 672 2138 qui
717 2087 833 2124 cum
876 2073 1141 2136 periturns
1191 2072 1374 2122 mortis

306 2164 482 2202 moras
504 2157 729 2214 peteret,
746 2147 813 2199 ad
840 2147 1228 2199 exonerandum
1253 2160 1374 2197 ven-

306 2233 447 2278 trem
489 2226 725 2280 secessit.
763 2231 821 2274 et
854 2230 1105 2273 evocatus
1135 2223 1201 2273 ad
1240 2236 1376 2273 mor·

307 2313 443 2364 tem,
474 2302 751 2366 jussusque
806 2299 1041 2364 prebere
1083 2299 1371 2362 cervicem3

306 2377 597 2440 Praebebo,
613 2377 801 2442 inquit,
823 2377 903 2427 ita
923 2374 1125 2425 vivam.'
1150 2376 1379 2426 Marcel-

306 2455 393 2504 lus
409 2454 692 2505 Eserninus
713 2453 880 2504 2‘Non
898 2451 1250 2516 indignabitur
1265 2466 1377 2502 cer·

308 2531 484 2580 vicem
507 2530 643 2580 hosti
683 2529 949 2593 porrigere
965 2544 982 2590 ;
1000 2526 1376 2592 indignabitur

306 2603 532 2657 clienti-⁹
565 2605 714 2655 Grut.
777 2604 986 2654 Tacitus
1007 2604 1147 2654 Anu.
1167 2617 1266 2655 ιν.
1288 2608 1374 2656 67.

308 2680 734 2747 Admonitaeque
791 2679 1006 2730 fortiter
1058 2679 1376 2744 protendere

308 2758 592 2818 cervicem,
603 2758 837 2814 Utinam,
859 2757 952 2818 ait,
966 2764 1021 2804 tu
1045 2763 1152 2804 tam
1170 2753 1376 2805 fortiter

306 2833 494 2885 ferias.
558 2833 630 2883 Et
650 2833 736 2883 ille
752 2835 968 2882 multum
990 2838 1236 2893 tremens,
1256 2846 1376 2880 cum

304 2913 404 2962 vix
426 2911 625 2962 dnobus
649 2911 838 2961 ictibus
875 2917 1036 2974 caput
1060 2909 1375 2972 amputavis-

307 2987 435 3052 aet,'
478 2991 578 3039 διο.
621 2988 710 3038 ubi
754 2987 982 3049 Lipsius,
1021 2993 1078 3036 et
1124 2986 1377 3035 nonnulla

308 3065 620 3130 collegimus
641 3079 759 3130 sup.
776 3064 841 3116 ad
866 3063 979 3114 Vir.
998 3063 1082 3113 Ill.
1104 3077 1152 3113 c.
1172 3075 1376 3112 nxvm.

306 3141 437 3193 fine.
471 3141 649 3192 Aratz.

381 3215 687 3280 Deceliam-1
717 3215 821 3266 Pro
838 3215 856 3244 ⁴
875 3214 1051 3279 capite
1071 3209 1385 3265 truncatur.’

307 3293 534 3346 sueton.
555 3292 825 3354 Caligula:
865 3293 882 3320 ‘
908 3291 1065 3339 Miles
1080 3288 1377 3340 decollandi

307 3368 530 3433 artifex,
547 3368 951 3433 quibuscumque
972 3380 1003 3415 e
1033 3364 1267 3416 custodia
1290 3378 1377 3414 ca-

308 3445 432 3511 pita
475 3441 820 3510 amputabat·'
857 3456 905 3493 c.
945 3446 1028 3492 32.
1094 3441 1272 3492 Utitur
1321 3446 1380 3490 et

307 3523 535 3574 Seneca.
620 3518 898 3572 Translate
960 3532 1088 3569 vero
1155 3518 1377 3568 Plautus

310 3598 655 3664 Capteiveis:
694 3600 710 3627 ⁸
738 3596 796 3647 Si
833 3609 955 3660 spes
987 3595 1242 3645 coeuatica
1283 3594 1376 3644 de·

308 3672 560 3729 collabit)
626 3674 701 3726 Et
735 3672 957 3723 Casina:
1003 3674 1021 3700 ‘
1045 3671 1101 3720 si
1136 3685 1248 3721 sors
1284 3672 1376 3720 de·

309 3751 568 3815 collassit,
605 3748 835 3814 gladium
870 3746 1057 3798 faciam
1102 3747 1380 3799 culcitam-⁹

311 3827 514 3894 Operm
564 3835 649 3877 est
695 3825 966 3876 occasione
1023 3824 1173 3887 hujus
1232 3825 1378 3875 verbi

310 3905 670 3972 fragmentum
695 3904 1005 3956 Fenestellae
1025 3918 1091 3953 ex
1117 3902 1377 3953 Diomede

313 3997 524 4042 eruere,
558 3981 700 4047 quod
732 3981 797 4031 ad
818 3980 1141 4042 Suetonium,
1170 3980 1375 4029 Plutar-

313 4058 491 4122 chum,
512 4064 568 4108 et
594 4058 683 4108 illa
703 4055 958 4118 Victoris,
989 4071 1105 4122 quae
1136 4054 1202 4105 ad
1226 4056 1377 4106 Viros

310 4133 560 4186 Illustres
598 4135 749 4199 primi
770 4148 801 4184 e
823 4135 955 4184 Mss-
979 4133 1269 4183 addidimus
1289 4148 1376 4184 ca·

313 4211 431 4276 pita
453 4211 765 4261 illustranda
787 4211 1064 4276 pertineat.
1125 4209 1216 4260 Sic
1239 4211 1376 4261 euim

310 4287 406 4338 ille
452 4287 545 4339 lib.
601 4300 666 4336 ιι.
725 4288 1032 4354 Epitomes:
1073 4287 1089 4313 ‘
1115 4286 1376 4344 Quemad-

2382 377 2514 447 819

1447 540 1657 592 modum
1672 541 1852 592 Cesar
1865 555 1897 591 a
1915 540 2105 605 piratis
2125 543 2313 605 captus
2324 538 2414 602 tit,
2432 544 2515 590 ut-

1447 632 1551 684 que
1574 633 1664 668 eos
1689 625 1871 683 postea
1902 618 2109 682 ceperit
2129 623 2188 667 et
2220 615 2520 666 decollare·

1450 695 1557 746 rit.’
1618 694 1950 761 Tranquillus
1987 707 2111 745 vero
2133 688 2515 744 Gesner-⁷4.

1448 780 1507 822 et
1522 770 1839 823 Plutarchus
1857 770 2152 835 ‘jugulatos
2174 768 2321 820 cruci
2334 766 2517 819 suffix-

1448 862 1508 899 os
1531 847 1545 870 '
1571 848 1664 898 ait.
1698 847 1884 897 Victor
1904 853 2083 897 noster
2103 847 2172 896 de
2191 845 2337 895 Viris
2359 844 2518 897 Illus-

1451 924 1618 976 tribus
1695 923 2009 989 simpliciter
2063 921 2257 987 piratas
2329 926 2515 989 captos

1450 1007 1507 1053 et
1566 1002 1780 1067 punitos
1804 1015 1823 1052 ε
1900 1014 2002 1067 quo
2059 1013 2253 1065 genere
2313 998 2513 1063 suppli·

1450 1080 1543 1143 cii,
1577 1080 1767 1130 tacitus
1807 1076 2064 1143 proeterit.
2095 1075 2342 1127 &asem
2403 1074 2515 1125 Sed

1450 1170 1520 1208 an
1553 1157 1792 1208 omnibus
1832 1155 1936 1207 illis
1962 1154 2093 1205 locis
2125 1154 2203 1205 ita
2236 1152 2516 1218 legendum

1449 1235 1524 1283 sit
1578 1234 1792 1296 litigant
1843 1232 2058 1283 eruditi.
2156 1230 2317 1281 Certe
2371 1229 2516 1294 apud

1449 1313 1698 1364 Plautum
1723 1326 1819 1376 per
1841 1312 2040 1361 uuuml
2069 1309 2285 1360 decolore
2314 1308 2517 1373 malunt

1451 1387 1738 1438 Lambinus
1758 1386 1824 1437 ad
1843 1387 2001 1451 Capt.
2019 1398 2111 1434 111.
2132 1387 2179 1433 1.
2196 1382 2353 1433 limet
2370 1397 2515 1446 mag-

1449 1480 1547 1515 uus
1592 1465 1889 1516 Gronovius
1937 1462 2005 1513 ad
2047 1463 2163 1513 Liv.
2204 1473 2394 1512 xxvu.
2435 1465 2518 1511 17.

1447 1544 1700 1594 Scribant
1737 1540 2063 1605 grammatici
2105 1539 2338 1589 decollare
2380 1538 2518 1588 anti·

1450 1621 1564 1686 quis
1586 1634 1723 1680 esse,
1745 1627 1761 1649 ⁸
1786 1618 1852 1668 da
1876 1618 2013 1667 collo
2036 1613 2343 1680 deponere,’
2372 1614 2515 1665 uude

1450 1703 1644 1760 putant
1665 1695 1760 1744 viri
1793 1694 1937 1745 docti
1958 1691 2246 1744 deductam
2268 1705 2383 1741 esse
2406 1705 2516 1740 nie-

1450 1772 1723 1836 taphoram
1754 1772 1772 1801 ⁸
1796 1770 2057 1822 decollare
2085 1765 2268 1832 spem,'
2292 1769 2393 1817 etc.
2418 1779 2517 1828 pro

1452 1850 1734 1912 deponere.
1802 1847 2063 1911 Ego.vero
2092 1844 2265 1895 malim
2286 1843 2518 1894 decollare

1451 1924 1593 1989 apud
1617 1926 1866 1974 Plautum
1896 1929 2101 1985 notare,
2120 1921 2353 1972 cervices
2379 1934 2517 1983 pras-

1451 1999 1650 2051 cidere.
1708 1999 1845 2049 Nam
1868 1997 2006 2064 quod
2031 1996 2178 2047 dicat
2198 1995 2517 2051 Gronovius,

1450 2084 1682 2140 tempore
1718 2074 1941 2124 Caesaris
1976 2072 2207 2123 nondum
2249 2071 2517 2134 cognitam

1448 2152 1610 2203 fuisse
1661 2153 1678 2180 ‘
1701 2158 1869 2202 artem
1916 2156 2080 2213 caput
2127 2162 2253 2199 ense
2300 2146 2518 2215 rotare‚’

1451 2229 1690 2295 adeoque
1726 2235 1961 2292 ternpore
1987 2228 2162 2278 Plauti
2190 2240 2294 2276 non
2318 2226 2518 2290 potuis-

1451 2321 1507 2356 se
1550 2308 1601 2356 in
1632 2321 1729 2356 usu
1761 2320 1877 2356 esse
1913 2305 2146 2354 &tellure
2181 2317 2275 2367 pro
2311 2307 2328 2334 ‘
2353 2309 2518 2366 caput

1450 2380 1781 2446 precidere?
1817 2394 1996 2430 verum
2018 2387 2119 2442 est,
2143 2379 2188 2429 si
2209 2378 2416 2428 modum
2437 2378 2518 2427 in-

1451 2465 1710 2515 tueamur.
1742 2471 1861 2508 cum
1897 2463 2016 2522 post
2047 2471 2111 2507 ea
2133 2462 2398 2521 tempora·
2423 2468 2517 2505 en-
2583 2472 2590 2475 ’

1452 2551 1510 2586 se
1541 2536 1557 2559 '
1578 2535 1942 2600 perficeretur,
1966 2534 2102 2598 qnod
2138 2540 2295 2584 antea
2326 2539 2343 2564 ‘
2366 2546 2516 2582 secu·

1450 2613 1495 2662 ri
1519 2611 1536 2635 ²
1562 2611 1742 2663 fiebat.
1799 2611 1937 2661 Vide
1958 2610 2024 2660 ad
2050 2609 2169 2659 Vir.
2188 2609 2276 2659 Ill.
2306 2622 2355 2660 c.
2377 2612 2461 2658 ⁷⁷.
2484 2611 2516 2673 ς

1449 2693 1531 2740 11.
1597 2688 1722 2752 Ipsa
1744 2687 1904 2751 igitur
1939 2686 2128 2751 capitis
2162 2685 2402 2751 precisio
2424 2699 2518 2734 no·

1447 2765 1647 2815 tissima
1670 2763 1771 2814 fuit
1803 2771 1975 2813 stante
2009 2778 2122 2827 rep.
2157 2761 2390 2828 quamvis
2414 2761 2518 2811 alia

1449 2842 1654 2892 ratione
1676 2858 1741 2891 ea
1764 2856 1921 2906 poena
1944 2845 2258 2891 sumeretur.
2326 2839 2397 2888 Et
2417 2839 2519 2887 hoc

1448 2919 1642 2968 firmari
1683 2926 1812 2982 puto
1849 2918 2044 2979 verbis,
2080 2932 2195 2981 quae
2230 2930 2300 2965 ex
2335 2916 2517 2965 Plauti

1449 2995 1643 3045 Casina
1666 3007 1728 3043 ιι.
1747 2998 1800 3043 4.
1820 2996 1905 3042 28.
1928 2993 2116 3043 adtulit
2139 2991 2406 3052 schottus,
2427 2990 2518 3039 ubi

1448 3070 1663 3119 videtur
1681 3068 1786 3118 duo
1810 3069 1993 3119 mortis
2016 3081 2213 3132 genera
2232 3078 2520 3131 opponere,

1450 3147 1495 3197 si
1518 3160 1628 3196 sors
1645 3145 1820 3209 capite
1841 3145 2186 3213 plecteretur,
2202 3144 2317 3208 ipse
2339 3143 2391 3191 in
2406 3142 2519 3205 gla-

1449 3223 1595 3273 dium
1640 3222 1849 3288 rolebat
1894 3220 2218 3272 incumbere.
2284 3219 2343 3271 Si
2388 3232 2516 3269 tero

1448 3298 1599 3349 malis
1618 3299 1849 3349 decollare
1876 3312 1908 3347 a
1929 3312 2176 3349 crumena
2201 3313 2231 3349 e
2254 3296 2388 3348 collo
2405 3300 2521 3365 sus-

1450 3389 1615 3439 pensa
1640 3374 1920 3443 deducere,
1943 3388 2044 3423 non
2080 3387 2272 3438 pugno,
2296 3386 2516 3438 proaer-

1451 3451 1548 3502 tim
1569 3465 1685 3501 cum
1707 3449 2051 3501 destituamur
2086 3449 2396 3501 testimoniis
2431 3464 2520 3500 ve-

1450 3535 1621 3578 terum
1643 3528 1712 3593 (si
1733 3529 1980 3578 Plautum
2004 3533 2064 3578 et
2097 3527 2354 3578 Lucilium
2377 3526 2521 3579 exei-

1450 3604 1683 3668 piamus)
1717 3605 1853 3669 apud
1894 3620 2021 3668 quos
2058 3605 2146 3654 illa
2181 3619 2281 3654 vox
2312 3609 2331 3635 ‘
2354 3611 2519 3668 capnt

1449 3680 1746 3746 proecidere
1762 3679 1778 3702 ’
1799 3679 2080 3746 significet.
2129 3680 2521 3731 Posterioribus

1444 3757 1769 3821 temporibus
1799 3771 1863 3807 eo
1884 3771 2041 3807 sensu
2063 3757 2290 3807 occurrit
2311 3769 2415 3806 non
2437 3769 2520 3806 se-

1449 3835 1571 3884 mel.
1670 3832 1972 3883 Scribonius
2024 3833 2223 3896 Largus
2273 3829 2519 3895 Compos.

1449 3908 1592 3959 Mec.
1616 3921 1801 3957 cxciv.
1831 3910 1848 3937 ‘
1874 3908 2151 3972 Palpitare
2174 3908 2352 3971 lingua
2375 3906 2517 3961 simi·

1446 3983 1571 4032 liter
1604 3983 1982 4035 decollatorum
2018 3984 2245 4044 capitum
2264 3981 2299 4031 ε’
2332 3989 2390 4033 et
2424 3981 2521 4032 Du

1449 4058 1626 4120 Gange
1660 4059 1834 4110 Gloss.
1869 4059 2018 4109 Med.
2039 4059 2211 4108 Latin.
2240 4057 2338 4107 hac
2370 4060 2518 4108 voce.

1448 4133 1628 4186 Δι’-πίε.

1519 4210 1657 4260 Car.
1675 4223 1773 4260 xx.
1799 4212 1827 4274 §
1849 4214 1883 4260 2
1905 4209 2169 4259 Homine-s
2181 4207 2391 4258 miuus
2411 4213 2519 4258 tiu·-

1445 4286 1748 4355 pitudinnm]
1783 4286 1852 4337 Id
1873 4295 1973 4345 est,
2001 4286 2241 4337 omnibus
2268 4284 2408 4337 vitiis
2425 4283 2519 4334 ad·
