3025 4934
678 353 972 406 amun..
1003 353 1201 405 VtcT.
1246 356 1344 405 DE
1392 355 1833 408 cAESAthJs
1879 359 2045 409 cAt’.
2091 359 2142 409 1.

312 501 482 546 mento
496 494 709 547 dicrum
724 496 905 548 decem
925 495 961 545 ε’
973 506 1027 547 et
1040 496 1197 550 ovid.
1209 499 1377 565 Epist.

311 585 370 622 ιι.
398 577 481 622 27.
519 577 535 601 ⁸
568 574 677 625 Dic
699 575 822 626 mihi
846 576 969 640 quid
991 574 1116 633 feci,
1149 576 1248 626 nisi
1269 591 1374 627 non

311 648 575 711 sapienter
600 651 812 702 amavi?
845 653 933 703 De
955 654 972 682 ‘
989 651 1219 703 ferocia’
1242 654 1374 703 Ger-

307 737 570 775 manorum
595 726 918 778 Claudianus
942 729 1097 780 Cous.
1122 729 1264 780 Hon.
1287 744 1375 780 ιιι.

306 803 382 848 18.
412 806 428 829 ·
450 800 533 850 Te
558 811 813 853 nascente
841 802 991 854 ferox
1019 811 1132 854 toto
1155 806 1374 856 Germa-

304 875 389 924 nia
419 878 605 928 Rheno
636 879 956 931 Intremuit.’
997 881 1185 933 Senee.
1210 881 1372 933 Herc.

304 952 421 1001 Fur.
441 969 519 1003 vs.
542 959 701 1006 1324.
722 961 825 1009 ὅτε.
856 958 1037 1008 Arutz.

364 1030 434 1092 §4
472 1032 687 1096 Civiles]
720 1034 857 1086 Hinc
880 1034 1216 1086 confirmatur
1250 1050 1372 1085 vera

303 1104 461 1156 lectio
484 1108 634 1171 apud
673 1109 833 1160 Ovid.
863 1111 955 1160 Tr.
990 1112 1074 1161 El.
1098 1125 1178 1160 tv.
1210 1115 1257 1161 4.
1290 1116 1371 1162 ts.

304 1183 388 1246 qni
412 1183 478 1233 de
493 1185 775 1250 Angusto:
798 1194 814 1218 ⁸
829 1187 956 1251 Ipse
970 1188 1140 1237 Pater
1152 1189 1372 1250 Patriae,

304 1260 422 1321 qnid
449 1261 591 1309 enim
632 1263 839 1312 civilius
876 1264 1022 1314 isto?
1056 1264 1107 1313 in
1143 1266 1259 1315 aliis
1288 1276 1369 1316 est

300 1337 611 1385 communius.
643 1338 749 1387 Sed
768 1340 893 1389 illud
909 1341 1068 1389 etiam
1089 1341 1371 1391 Suetonius

304 1408 439 1474 Aug.
462 1427 512 1462 c.
536 1418 624 1463 51.
646 1416 677 1479 ς
696 1418 745 1465 1.
778 1418 795 1444 ‘
815 1417 1117 1467 Clementioe
1150 1417 1370 1468 civilita-

303 1485 465 1551 t'uque
486 1489 607 1552 ejus
630 1492 796 1540 multa
813 1500 869 1541 et
895 1506 1081 1556 magna
1091 1492 1371 1542 documen·

299 1567 353 1610 ta
372 1564 546 1614 snut:'
579 1573 641 1616 et
664 1567 717 1616 in
742 1567 887 1631 Epit.
904 1581 952 1617 c.
978 1571 1025 1617 1.
1043 1571 1072 1634 §
1092 1572 1177 1618 20.
1215 1568 1370 1620 Adde

301 1635 560 1689 Raudium
585 1641 657 1691 ad
681 1641 1037 1708 Plin.Paneg.
1059 1659 1108 1694 c.
1124 1657 1369 1695 nxxvm.

306 1714 396 1777 §8.
428 1720 614 1767 Arntz.

365 1791 775 1858 Intemperantia]
831 1795 1046 1848 Quinta*
1073 1793 1373 1861 inflexione,

304 1873 360 1916 ut
389 1874 404 1897 ⁸
425 1870 774 1935 intemperies
789 1871 805 1894 ⁹
818 1880 873 1921 et
892 1880 908 1903 ‘
926 1871 1203 1923 materies?
1225 1873 1368 1938 Pug-

300 1952 425 1993 nant
446 1955 629 1998 autem
671 1948 785 1998 baec
820 1963 938 1998 cum
976 1949 1226 1999 Suetonio
1250 1964 1369 2011 cap.

302 2021 378 2069 78.
441 2022 577 2075 Mox
600 2025 724 2077 mire
753 2031 997 2076 teneretur
1031 2028 1130 2089 legi
1172 2028 1369 2077 mavult

299 2095 489 2163 setus,
514 2100 690 2151 frater
711 2103 1022 2158 carissimus,
1040 2110 1096 2152 et
1118 2117 1244 2153 vero
1265 2105 1366 2167 syl·

301 2170 420 2222 laba
439 2178 715 2238 geminata
750 2178 975 2229 videtur.
1011 2178 1200 2230 Schott.
1267 2179 1366 2230 Lo-

301 2261 416 2298 cum
440 2250 584 2303 bunc
607 2254 873 2303 examinat
889 2255 1225 2305 casaubonus
1248 2270 1368 2305 nos·

306 2328 387 2373 ter
400 2330 795 2379 commentariis
810 2330 876 2379 ad
900 2332 1136 2381 Suetonii
1160 2331 1366 2395 Augus-

303 2403 408 2450 tum
431 2406 609 2469 capite
626 2409 712 2455 78.
745 2407 834 2470 qui
860 2408 1179 2457 consulatur.
1217 2409 1366 2461 Gna.

361 2478 704 2545 Retineretur]
738 2484 895 2533 Forte
930 2485 1241 2548 detineretur,
1276 2494 1366 2536 aut

302 2552 631 2619 simpliciter,
649 2564 905 2615 teneretur,
923 2560 1058 2623 quod
1078 2566 1135 2610 et
1162 2563 1275 2611 aliis
1309 2564 1362 2611 in

298 2639 528 2682 mentem
552 2634 717 2683 venit.
755 2634 904 2685 Grut.
972 2635 1077 2686 Sed
1106 2638 1362 2699 composi·

303 2711 408 2757 tum
448 2709 550 2761 boc
575 2710 792 2762 verbnm
826 2728 970 2777 saepe
1011 2729 1107 2778 pro
1138 2715 1361 2779 simplici

299 2780 509 2836 ‘tenere
524 2786 539 2809 ’
580 2788 859 2851 accipitur.
928 2791 1131 2841 Seneca
1168 2792 1363 2842 Medea

301 2870 376 2907 vs.
398 2864 483 2911 67.
513 2864 530 2892 ·
545 2863 620 2912 Et
639 2876 800 2912 cornu
817 2864 1015 2915 retinet
1034 2865 1199 2915 divite
1216 2866 1360 2929 eopi-

301 2936 438 2986 am.',
478 2940 721 3003 Quaque
738 2940 941 2992 Duker.
972 2942 1041 2991 ad
1067 2943 1274 2993 Florum
1296 2957 1362 2993 ιι.

300 3011 379 3060 20.
399 3014 429 3076 §
454 3017 505 3066 3.
563 3014 619 3065 Si
641 3016 766 3080 quid
784 3018 886 3066 erit
899 3017 1222 3075 mutandum,
1247 3019 1360 3069 sine

302 3083 455 3140 <lubio
479 3089 864 3154 preferendum
904 3093 1008 3142 erit
1048 3094 1267 3158 simplex
1290 3100 1357 3144 te·

302 3170 510 3231 net-etur,
530 3182 648 3216 cum
677 3165 921 3218 facillime
944 3170 1127 3219 ultima
1159 3169 1361 3233 syllaba

302 3241 438 3294 vocis
452 3246 578 3294 mire
600 3243 838 3307 sequenti
858 3244 1149 3295 adbaeserit.
1181 3246 1361 3298 Aratz.

312 3365 318 3376 ,
362 3317 438 3380 §6
473 3320 757 3371 Tribunicio
771 3326 1009 3384 potestate
1024 3327 1250 3385 perpetuo
1272 3323 1358 3373 ha>-

303 3388 451 3461 buna]
486 3397 624 3446 Vide
652 3398 935 3461 spanhem.
957 3397 1026 3448 de
1049 3399 1161 3449 Usu
1200 3400 1359 3450 Num.

303 3465 443 3520 Diss.
464 3485 572 3522 ιιι.
588 3477 703 3523 424.
735 3474 909 3523 Arm.

365 3546 556 3613 Romae]
586 3547 745 3610 [Vide
757 3550 807 3599 N
811 3548 1112 3613 ot.Delph.]
1129 3549 1258 3601 Hoec
1276 3565 1358 3601 rc·

304 3623 468 3682 petita
496 3638 563 3672 ex
594 3625 732 3674 notis
761 3625 1022 3675 Torrentii
1045 3626 1110 3674 ad
1140 3626 1357 3680 Sueton.

304 3694 436 3760 Aug.
456 3715 576 3762 cap.
596 3703 679 3750 52.
743 3701 847 3750 Sed
862 3702 945 3751 vir
961 3700 1030 3751 de
1052 3706 1358 3765 posteritate

305 3774 494 3835 optime
515 3779 750 3838 meritus,
770 3777 884 3827 hoec
902 3780 1021 3828 loca
1037 3780 1179 3829 nnllo
1202 3782 1359 3832 modo

305 3849 503 3909 adtulit,
516 3861 576 3904 nt
593 3852 976 3903 demonstraret
989 3853 1225 3918 Angusto
1241 3859 1357 3913 vivo

307 3928 496 3989 templa
513 3928 694 3977 Romae
720 3942 833 3978 esse
855 3929 1044 3992 posita,
1072 3933 1161 3995 qui
1196 3933 1357 3984 bonos

306 3999 353 4048 ci
378 4001 581 4053 demum
616 4002 827 4053 habitus
861 4011 943 4054 cst
974 4014 1180 4056 mortuo
1216 4016 1272 4059 et
1302 4009 1356 4059 in

307 4073 531 4140 Deorum
554 4075 771 4141 numero
792 4080 979 4130 relato.
1013 4082 1355 4134 concedimus

307 4157 523 4218 quidem,
538 4173 658 4209 eum
679 4173 796 4210 cum
821 4158 990 4209 adbuc
1029 4167 1195 4210 terras
1218 4163 1358 4212 cole·

307 4238 402 4304 ret,
444 4250 477 4287 a
528 4234 704 4295 multis
758 4235 1103 4305 scriptoribus
1151 4244 1167 4269 ‘
1185 4239 1353 4294 Deum

2377 342 2511 412 697

1451 498 1765 564 Nomenque
1789 498 1805 522 ’
1828 513 1944 551 esse
1968 493 2310 564 appellatum,
2332 501 2508 565 qualia

1448 574 1691 635 exempla
1741 575 1954 638 collegit
2005 575 2291 625 Britanniae
2345 575 2507 627 decus

1446 651 1722 701 Bentleius
1743 653 1806 702 ad
1824 653 2012 703 Horat.
2023 654 2124 716 Ep.
2138 667 2203 703 ιι.
2218 656 2266 702 1.
2289 657 2368 703 16.
2399 655 2507 703 Sed

1446 726 1547 776 boc
1573 730 1778 789 privata
1816 725 2014 778 factum
2057 735 2139 779 est
2177 730 2509 785 anctoritate,

1445 816 1562 852 cum
1585 803 1830 853 adulandi
1864 805 2078 855 libidine
2104 806 2286 868 elogiis
2321 807 2425 855 suis
2449 813 2508 856 et

1444 877 1829 928 laudationibus
1850 878 2061 930 modum
2086 894 2189 929 non
2210 886 2508 932 statuerent

1446 953 1638 1019 poe'tan.
1674 956 1790 1005 Nec
1815 963 1989 1006 tamen
2014 969 2233 1019 unquam
2257 957 2361 1006 tale
2380 957 2505 1021 quid

1442 1029 1638 1081 factum
1664 1030 1765 1081 fuit
1790 1031 1999 1094 publico
2024 1031 2263 1093 consilio,
2302 1041 2361 1081 ut
2388 1034 2507 1083 vivo

1445 1108 1697 1171 templum
1719 1108 1771 1156 in
1796 1108 1907 1171 ipsa
1921 1107 2067 1157 Urbe
2090 1108 2139 1156 ei
2155 1108 2507 1159 dedicaretur.

1445 1183 1881 1233 Accuratissimns
1903 1184 2068 1246 igitur
2082 1185 2290 1248 vignoli
2309 1185 2375 1235 de
2392 1186 2507 1236 Col.

1445 1257 1643 1309 Anton.
1666 1260 1750 1309 Pii
1768 1274 1815 1309 e.
1839 1265 1888 1311 5.
1911 1276 1962 1323 p.
1983 1265 2066 1309 82.
2089 1262 2355 1313 existimat
2371 1263 2506 1313 banc

1444 1348 1558 1384 csse
1601 1344 1828 1385 mentem
1874 1338 2135 1387 auctoris:
2170 1338 2185 1365 ‘
2203 1339 2343 1403 quod
2386 1339 2504 1390 vivo

1444 1411 1684 1475 Angusto
1704 1412 1900 1476 templa
1914 1426 2033 1461 cum
2068 1414 2428 1466 sacerdotibus
2450 1416 2505 1466 in

1444 1491 1740 1554 provinciis,
1763 1490 1943 1540 Romae
1966 1505 2090 1540 vero
2115 1500 2233 1554 post
2254 1491 2368 1554 ejus
2394 1492 2506 1542 obi·

1446 1574 1553 1617 turn
1569 1575 1771 1617 sacrata
1786 1567 2130 1631 institutaque
2147 1566 2380 1618 fuerint.'
2399 1568 2502 1620 Sed

1445 1659 1508 1696 au
1532 1645 1668 1695 bunc
1691 1658 1898 1694 sensum
1935 1644 2092 1695 verba
2113 1653 2307 1711 queant
2344 1644 2505 1703 ferre,

1442 1721 1715 1770 admodum
1740 1721 1943 1781 dubito,
1977 1729 2123 1771 certe
2147 1723 2404 1785 expositio
2428 1723 2508 1776 viz

1443 1797 1594 1847 detur
1617 1799 1816 1860 longius
1833 1798 2068 1860 quaesita.
2115 1798 2301 1862 Neque
2326 1807 2503 1848 tamen

1441 1874 1585 1924 aliud
1604 1876 1880 1939 quidquam
1899 1873 2129 1933 invenio,
2150 1874 2247 1922 nisi
2269 1872 2502 1935 confugi·

1442 1963 1587 2000 amus
1609 1949 1676 1998 ad
1700 1962 1928 2000 errorem
1951 1948 2197 2009 Victoris,
2237 1949 2319 1997 vel
2340 1949 2503 1999 verba

1440 2027 1691 2076 nonnulla
1727 2025 2015 2074 mutatione
2060 2024 2138 2073 ita
2179 2024 2499 2076 scribamust

1442 2103 1664 2165 Huuque
1684 2103 1758 2151 uti
1777 2101 1889 2164 (vel
1911 2099 1986 2164 et)
2021 2100 2144 2149 Dea
2174 2100 2358 2160 Roma,
2390 2115 2505 2163 pros

1438 2177 1613 2228 vinciis
1632 2177 1864 2227 omuibus.
1931 2175 2027 2225 Uti
2051 2175 2270 2235 indicet,
2306 2176 2358 2224 in
2384 2191 2500 2238 pro·

1441 2254 1624 2305 vinciis
1658 2253 1899 2317 Augusto
1934 2260 1989 2301 et
2026 2254 2204 2302 Romae
2243 2255 2499 2303 communi

1437 2332 1641 2384 nomine
1665 2330 1910 2382 dedicata
1929 2327 2088 2377 fuisse
2113 2330 2326 2391 templa,
2361 2328 2500 2398 quod

1438 2409 1558 2456 vivo
1596 2407 1835 2470 Augusto
1875 2405 2127 2455 accidisse
2186 2414 2392 2455 constat
2431 2421 2499 2460 ex

1436 2484 1690 2534 Suetonio
1716 2484 1767 2532 in
1793 2481 1928 2545 Aug.
1953 2497 2000 2530 c.
2017 2486 2099 2532 62.
2121 2483 2150 2545 §
2178 2471 2224 2531 1'.
2246 2483 2501 2545 ‘Templa

1438 2561 1668 2625 quamvis
1704 2561 1866 2608 sciret
1899 2559 2056 2607 etiam
2102 2560 2498 2620 proconsulibus

1437 2638 1644 2687 decerni
1670 2638 1855 2690 solere,
1875 2637 1927 2684 in
1944 2635 2086 2683 nulla
2101 2640 2273 2684 tamen
2292 2637 2499 2697 provin·

1435 2715 1539 2776 cia,
1575 2714 1673 2762 nisi
1702 2711 1962 2762 communi
1985 2725 2081 2759 suo
2106 2711 2384 2774 Romaeque
2405 2726 2496 2761 no-

1436 2790 1574 2840 mine
1607 2789 1810 2852 recepit
1831 2787 1863 2836 ε’
1899 2794 1955 2836 et
1977 2801 2044 2835 ex
2069 2786 2318 2835 similibus
2358 2786 2501 2851 apud

1433 2866 1716 2929 Spanbem.
1759 2864 1826 2913 de
1864 2864 1976 2913 Usu
2021 2863 2179 2913 Num.
2220 2863 2350 2912 diss.
2387 2876 2495 2913 xn-

1438 2957 1488 3005 p.
1507 2945 1625 2991 489.
1646 2950 1703 2991 et
1722 2940 1848 2989 diss.
1867 2953 1999 2990 xm.
2038 2953 2091 3001 p.
2113 2942 2230 2989 650.
2278 2941 2357 2989 De
2382 2939 2499 2990 Dea

1436 3020 1602 3069 Roma
1621 3018 1744 3068 vide
1765 3030 1882 3081 quoe
1906 3017 2060 3065 latius
2082 3016 2135 3065 in
2157 3016 2283 3065 diss.
2302 3016 2368 3065 de
2383 3017 2496 3068 Col.

1436 3100 1582 3149 Com.
1602 3112 1652 3147 c.
1670 3111 1760 3147 ιιι.
1781 3098 1810 3161 §
1833 3101 1885 3147 7.
1952 3095 2121 3146 Porro
2145 3095 2211 3144 de
2246 3095 2361 3147 aliis
2384 3095 2497 3151 Au-

1434 3173 1573 3238 gusti
1600 3173 1810 3236 templis
1843 3186 2026 3236 posses
2060 3172 2321 3236 inspicere
2345 3172 2494 3224 Suet.

1434 3252 1614 3301 Tiber.
1634 3266 1684 3301 c.
1707 3253 1838 3314 40.§
1864 3254 1910 3300 l.
1935 3264 1983 3299 c.
2003 3254 2088 3301 47.
2125 3251 2154 3313 §
2176 3252 2222 3300 l.
2255 3250 2307 3298 iu
2324 3250 2494 3315 Calig.

1432 3341 1479 3380 c.
1513 3331 1595 3378 21.
1626 3327 1870 3376 Strabon.
1906 3338 1985 3376 w.
2025 3330 2141 3375 292.
2191 3326 2389 3391 Grang.
2425 3328 2494 3379 ad

1430 3403 1466 3455 J
1473 3417 1622 3452 uven.
1641 3402 1752 3451 Sat.
1775 3415 1814 3451 1.
1833 3405 1915 3451 40.
1937 3404 2033 3450 &c-
2066 3401 2247 3451 Amtz.
2486 3451 2493 3460 ,

1498 3481 1527 3543 §
1549 3483 1581 3529 7
1616 3478 1809 3542 Absque
1845 3478 2010 3527 libet-is
2065 3484 2223 3529 tumen
2264 3479 2496 3543 simulque

1430 3553 1674 3617 conjugio]
1710 3554 1772 3603 Id
1807 3562 1901 3611 est,
1926 3559 2267 3620 praeterquam
2288 3555 2339 3603 in
2364 3555 2494 3605 libe·

1432 3631 1524 3693 ris,
1538 3631 1619 3679 vel
1640 3630 1679 3679 si
1703 3630 1898 3679 liberos
1917 3631 2162 3694 excipias.
2220 3629 2290 3680 Et
2310 3632 2362 3679 in
2387 3632 2490 3681 Ca·

1430 3706 1609 3768 ligula,
1638 3709 1653 3735 ‘
1678 3706 1953 3755 immaturo
1982 3705 2181 3770 absque
2207 3705 2494 3772 Octaviani¹

1431 3782 1648 3838 interitu
1667 3780 1701 3843 ;’
1736 3781 1788 3830 id
1823 3790 1925 3843 est,
1960 3790 2312 3844 praeterquam
2351 3782 2491 3844 quod

1430 3855 1697 3920 Augustus
1730 3857 1794 3903 ad
1831 3870 1998 3904 seram
2032 3864 2088 3904 et
2119 3865 2374 3904 maturam
2409 3870 2491 3904 se·

1431 3940 1700 3984 nectutem
1725 3933 1981 3995 pervenit.
2042 3928 2318 3983 Quomodo
2343 3945 2490 3980 usur-

1431 4016 1528 4071 pat
1540 4016 1606 4057 ret
1626 4007 1797 4057 Amm.
1820 4006 2151 4057 Marcellinus
2174 4014 2228 4055 et
2244 4006 2295 4054 id
2316 4009 2488 4057 aetatis

1430 4082 1738 4146 scriptores.
1804 4079 1983 4131 Plauti
2017 4080 2142 4129 illud
2180 4081 2373 4129 totiens
2395 4081 2486 4130 ob-

1431 4160 1586 4216 vium,
1619 4162 1634 4188 ·
1655 4160 1850 4223 absque
1866 4158 1955 4205 illo
1978 4162 2114 4205 esset
2130 4155 2165 4217 ;'
2186 4158 2201 4184 ⁸
2222 4157 2412 4219 absque
2433 4167 2486 4207 te

1430 4235 1603 4303 ἴσως
1637 4250 1734 4302 pro
1752 4235 1862 4285 sine
1886 4241 1967 4286 te:
1993 4234 2043 4283 in
2060 4232 2346 4298 Capteivis,
2369 4233 2486 4285 Me.
