3025 4934
424 408 431 415 ·
451 363 583 431 478

452 523 725 589 castellum
762 521 966 588 Pliylen
998 520 1292 575 Atticorum
1332 521 1511 581 finium

451 606 679 662 occupat
697 597 734 650 ε’
766 597 1024 663 quomodo
1046 607 1101 649 et
1126 600 1249 649 alibi
1283 600 1513 662 loquitur

447 676 658 741 saepius.
726 676 967 726 Lactant.
1003 675 1068 725 de
1101 676 1264 727 Mort.
1294 676 1445 726 Pers.
1465 690 1512 726 c.

449 765 620 804 xxm.
663 751 934 805 ‘Urbana
979 759 1035 801 et
1078 752 1284 802 rusticae
1332 750 1510 816 plebes

448 827 741 879 adunataez’
781 843 935 894 quem
976 829 1142 879 locum
1172 829 1338 879 minus
1375 827 1510 878 bene

451 911 626 955 tentat
648 904 806 956 Gale.
871 905 959 955 Sic
972 904 1111 956 enim
1134 912 1188 953 et
1201 920 1248 954 c.
1270 917 1398 954 nv.
1420 902 1510 952 fin.

447 990 462 1010 ‘
489 981 721 1031 Adunari
754 996 930 1032 omnes
969 982 1220 1045 angustiae
1260 979 1510 1045 temporis

446 1073 549 1108 non
574 1059 814 1109 sinebant
834 1058 869 1110 :'
901 1059 1087 1124 quibus
1106 1059 1234 1109 locis
1252 1055 1508 1106 videndus

446 1135 678 1199 Bauldry
709 1149 824 1185 cum
862 1135 1084 1186 cellario
1121 1136 1238 1185 Lat.
1270 1134 1419 1183 Rest.
1454 1148 1507 1197 p.

378 1254 383 1261 .
450 1217 564 1263 107.
598 1219 653 1262 et
687 1211 959 1263 Borrichio
998 1212 1173 1276 Cogit.
1202 1226 1257 1275 p.
1279 1215 1362 1260 40.
1400 1209 1510 1271 ubi,

445 1289 585 1349 inter
602 1289 707 1338 alia
729 1288 877 1339 simul
903 1303 1044 1354 vera,
1057 1289 1210 1354 hujus
1232 1287 1332 1338 loci
1353 1286 1510 1337 lectio

444 1364 756 1415 vindicatur.
789 1363 962 1415 Arntz.

513 1443 774 1492 Civitatem
819 1440 1157 1504 condiderunt]
1222 1440 1286 1491 In
1324 1442 1508 1492 'monte

445 1516 731 1575 Aventino,
752 1517 817 1568 de
841 1534 944 1582 quo
968 1518 1136 1583 Agell.
1164 1517 1322 1568 Noct.
1340 1517 1509 1569 Attic.

448 1606 580 1644 xm.
606 1598 685 1644 14.
706 1609 773 1644 ex
795 1609 844 1644 s.
865 1594 917 1644 d.
941 1608 1024 1644 xr.
1059 1593 1169 1645 Cal.
1206 1594 1397 1651 Maias,
1418 1595 1510 1658 qui

445 1671 558 1721 dies
594 1678 929 1723 consecratus
964 1671 1154 1722 Palilia
1189 1671 1389 1721 dictus:
1432 1670 1508 1721 Ο-

443 1747 725 1812 lympiadis
765 1761 870 1796 vn.
913 1762 1048 1797 anno
1090 1761 1131 1797 ι.
1174 1753 1294 1797 ante
1334 1748 1507 1798 Chris·-

444 1830 551 1873 tum
596 1832 773 1873 natum
814 1836 975 1874 nect..
1024 1822 1090 1874 ab
1129 1823 1256 1873 orbe
1294 1823 1506 1875 condito

444 1900 1509 1965 utrumnumeversa'rrojaccccxxxu.

441 1975 534 2025 sed
581 1975 647 2025 de
692 1976 771 2026 his
816 1978 869 2026 in
917 1975 1223 2043 fragmentis
1280 1978 1506 2043 Nepotis

442 2053 682 2105 diximus.
750 2053 882 2104 Ideo
925 2064 1098 2106 autem
1139 2055 1224 2104 bic
1260 2062 1505 2119 repetere

442 2134 657 2197 placuit,
677 2134 814 2198 quod
837 2133 1052 2184 aliorum
1086 2135 1314 2185 calculus
1336 2135 1507 2196 fallat,

443 2216 500 2257 et
518 2215 955 2259 commentatores
982 2209 1065 2260 hic
1097 2212 1324 2275 turpiter
1346 2212 1506 2262 aluci-

438 2292 650 2347 nentur,
670 2291 726 2333 et
748 2292 991 2349 tanquam
1029 2286 1082 2335 in
1113 2286 1292 2336 limine
1317 2286 1507 2351 impiu-

439 2371 599 2422 gant:
636 2361 771 2411 sbsit
806 2361 964 2411 verbo
1003 2362 1216 2414 invidia.
1261 2362 1504 2416 schottus.

438 2438 558 2489 Hoc
572 2438 696 2487 mihi
717 2447 1040 2501 suspectum;
1058 2453 1174 2489 nem
1193 2438 1380 2490 falsum
1401 2448 1504 2496 est,

440 2512 736 2579 Romulum,
759 2520 1034 2579 antequam
1060 2516 1127 2565 de
1151 2518 1282 2566 coelo
1304 2531 1504 2566 servas·

440 2596 541 2647 set,
567 2590 836 2640 civitatem
860 2591 1153 2640 condidisse
1175 2605 1327 2656 quam
1360 2582 1504 2656 post-

439 2678 504 2713 ea
541 2664 758 2715 Romam
803 2669 1084 2727 vocaverit.
1127 2666 1290 2718 Anna.
1379 2669 1502 2719 Non

439 2754 683 2805 assequor
722 2757 937 2792 acumen
983 2743 1294 2793 doctissimae
1336 2743 1503 2795 foemi·

438 2830 544 2879 nae,
565 2830 682 2866 cum
706 2817 868 2867 verba
888 2833 1033 2883 seqq.
1058 2819 1126 2869 de
1159 2821 1375 2882 augurio
1398 2836 1503 2875 non

436 2890 689 2955 inducant
705 2892 991 2958 absolutam
1009 2896 1394 2959 necessitatem,
1406 2897 1509 2946 Ro«

436 2983 574 3019 mam
596 2969 858 3020 conditam
880 2967 1040 3020 fuisse
1065 2980 1185 3023 ante
1208 2987 1357 3037 quam
1392 2974 1500 3027 vic·

436 3056 523 3099 tor
540 3046 817 3097 exsisteret
840 3046 1109 3104 Romulus,
1131 3048 1224 3097 sed
1246 3048 1501 3099 rationem

436 3122 792 3173 tantummodo
816 3123 911 3173 dat
939 3139 1032 3173 cur
1066 3124 1321 3189 Romulus
1341 3127 1500 3190 potis-

434 3199 619 3251 simum
656 3198 775 3248 huic
804 3198 935 3248 Urbi
972 3214 1158 3249 nomen
1192 3201 1498 3264 inposuerit.

436 3273 506 3323 Et
527 3274 569 3322 si
592 3287 735 3323 error
758 3282 897 3323 esset
918 3274 1136 3336 Aurelii,
1156 3290 1249 3340 pro
1272 3290 1333 3325 eo
1351 3292 1501 3327 caus-

433 3365 544 3399 sam
577 3349 705 3400 dicit
736 3351 952 3401 Servius
988 3351 1056 3401 ad
1079 3352 1228 3414 Virg.
1252 3352 1370 3402 AEn.
1394 3368 1499 3404 vu.

432 3432 549 3478 678.
582 3428 673 3481 ubi
704 3428 772 3478 de
807 3430 1009 3479 incerta
1031 3431 1181 3492 hujus
1203 3430 1362 3481 Urbis
1396 3432 1499 3481 ori-

435 3505 557 3570 gine
595 3520 781 3570 agens,
814 3506 1024 3568 scribit,
1050 3515 1065 3537 ⁸
1085 3505 1238 3556 Unde
1263 3522 1363 3557 nec
1395 3510 1499 3559 bis·

432 3583 651 3645 toricos,
676 3595 773 3632 nec
799 3590 1232 3641 commentatores
1256 3585 1397 3635 varia
1418 3585 1497 3636 di'-

431 3664 614 3713 centes
651 3658 939 3725 imperitiae·
961 3658 1308 3710 condemnare
1337 3660 1497 3713 debe-

431 3749 577 3797 mus;
635 3749 756 3784 nam
810 3735 1094 3801 antiquitas
1136 3737 1252 3803 ipsa
1294 3740 1499 3791 creavit

432 3810 701 3862 errorem.'
732 3810 910 3861 Arntz.

497 3887 721 3951 Aug-urio
751 3887 926 3952 victor]
960 3890 1156 3941 Ennius
1192 3891 1246 3941 in
1285 3890 1495 3943 Annali.

430 3962 558 4014 bust
594 3966 610 3991 ‘
629 3962 864 4026 Augusto
887 3966 1101 4029 augurio
1119 3962 1397 4032 'postquam
1418 3971 1494 4025 iu-

432 4040 574 4104 clytu
615 4039 828 4090 condita
867 4041 1031 4091 Roma
1066 4052 1168 4104 est,
1205 4044 1496 4097 Certabant

430 4115 631 4166 Urbem
685 4116 903 4167 Romam
955 4117 1300 4168 Remuramve
1346 4134 1495 4171 voca·

431 4190 588 4240 rent.'
621 4190 768 4241 Idem
791 4193 928 4256 apud
948 4192 1139 4244 Isidor.
1160 4209 1256 4244 xv.
1274 4198 1320 4243 1.
1347 4198 1363 4226 4
1379 4196 1493 4247 Hu-

423 4269 513 4331 jus
536 4276 656 4319 nata
681 4276 765 4320 est
787 4270 1032 4337 auspiciis
1056 4272 1148 4323 illa
1170 4271 1369 4335 inclyta
1393 4274 1490 4324 Ro·

1139 376 1359 428 norm
1378 350 1387 357 ’
1407 374 1822 428 νΑιιιοιὶυΜ
1870 375 1958 427 ιιι

1587 518 1709 572 ma.’
1749 521 1948 571 Rursus
1968 517 2104 569 idem
2127 535 2140 567 ι
2171 519 2189 548 4
2214 517 2407 571 Omnis
2426 534 2555 571 cura
2575 521 2654 579 vj·

1588 599 1658 655 ris
1673 606 1791 648 uter
1808 605 1947 648 esset
1966 596 2341 662 induperator?
2374 598 2512 648 Hinc
2529 599 2649 662 lege

1586 686 1798 729 cautum
1822 691 1854 725 a
1877 675 2099 729 Romulo
2134 682 2150 707 ⁶
2170 689 2235 726 ne
2263 676 2392 742 quid
2422 676 2651 741 inauspi-

1586 761 1707 804 cato
1760 752 1966 817 publice
2020 751 2280 816 gerunto?
2344 751 2527 802 Cicero
2579 753 2649 802 de

1586 830 1715 881 Nat.
1737 831 1902 880 Deor.
1934 841 2023 878 ιιι.
2056 828 2240 885 ΒσΙιριὶ.
2306 829 2395 880 De
2429 829 2650 879 Romulo

1584 905 1761 956 Livius
1782 918 1822 954 1.
1844 908 1895 955 6.
1926 904 1944 932 ‘
1968 905 2043 956 Ut
2066 904 2175 960 Dii,
2210 917 2428 969 quorum
2466 905 2647 955 tutela

1585 996 1647 1032 ea
1671 982 1783 1032 locs
1806 987 2003 1043 essent,
2024 980 2251 1044 auguriis
2276 979 2563 1044 legerent:’
2591 987 2650 1031 et

1585 1072 1633 1108 c.
1655 1062 1705 1108 8.
1739 1066 1756 1089 4
1779 1055 1866 1107 Ab
1883 1071 2098 1107 numero
2121 1056 2312 1114 avium,
2335 1071 2453 1121 quae
2487 1071 2649 1120 sugu-

1584 1134 1661 1184 rio
1696 1149 1913 1199 regnum
1952 1132 2365 1198 portenderant.’
2428 1134 2648 1185 Censor.

1584 1209 1651 1261 de
1692 1211 1799 1260 Die
1837 1209 2017 1260 Natali
2053 1225 2103 1259 c.
2142 1214 2223 1259 17.
2252 1208 2392 1260 fine:
2436 1211 2452 1238 ‘
2480 1210 2534 1260 Si
2571 1212 2652 1265 ita

1584 1293 1725 1336 esset
1747 1286 1813 1336 de
1839 1286 2043 1335 Romuli
2065 1284 2224 1334 Urbis
2247 1284 2533 1336 condendae
2556 1301 2648 1336 au·

1582 1363 1742 1427 gut-iis
1774 1378 1837 1413 ac
1874 1362 2148 1413 duodecim
2187 1361 2482 1415 vulturibus
2496 1361 2532 1411 ι’
2578 1362 2648 1413 de

1583 1437 1680 1487 hac
1715 1439 1859 1489 vocis
1894 1438 2273 1502 significatione
2297 1437 2409 1488 Liv.
2437 1451 2538 1488 vn.
2560 1442 2647 1489 26.

1585 1513 1730 1578 virg.
1752 1514 1870 1565 AEn.
1891 1529 1931 1565 1.
1951 1518 2067 1565 396.
2090 1515 2237 1564 Serv.
2258 1515 2325 1565 ad
2344 1515 2458 1571 AEn.
2478 1520 2655 1579 ¹·.4⁰2·

1583 1598 1639 1642 et
1664 1605 1769 1642 ιιι.
1794 1595 1910 1641 869.
1950 1593 2130 1643 Artis.

1657 1665 1905 1730 Vultum]
1966 1667 2031 1718 ln
2087 1669 2372 1733 augurandi
2426 1668 2652 1721 scientia

1580 1744 1715 1793 sacri
1740 1751 1874 1794 teste
1894 1744 2043 1796 Suet.
2074 1744 2212 1810 Aug.
2234 1761 2283 1797 c.
2313 1751 2396 1797 95.
2420 1755 2476 1797 et
2497 1747 2648 1797 Plnt.

1579 1818 1635 1868 in
1657 1819 1863 1871 Queat.
1882 1821 2034 1870 Rom.
2073 1820 2183 1872 Jul.
2200 1821 2402 1887 Obseq.
2423 1821 2570 1874 A..U.
2584 1824 2644 1875 C.

1581 1908 1746 1946 nccx.
1783 1896 1801 1924 ‘
1817 1896 2034 1962 Caesar‚’
2050 1898 2238 1963 inquit,
2260 1904 2276 1929 ⁶
2290 1899 2478 1950 cumin
2494 1900 2646 1950 Cem-

1580 1988 1704 2038 pum
1728 1973 1983 2024 Martium
2019 1977 2306 2026 exercitum
2339 1976 2647 2035 deduceret,

1580 2065 1673 2100 sex
1696 2051 1934 2101 vultures
1953 2058 2322 2115 apparuerunt.
2382 2053 2647 2103 Conscen-

1580 2126 1729 2177 denti
1773 2126 1960 2176 deinde
2005 2135 2176 2177 rostra
2222 2136 2405 2179 creato
2447 2129 2654 2180 consuli

1579 2202 1769 2252 iterum
1794 2216 1873 2253 vr.
1896 2202 2125 2254 vultures
2159 2205 2448 2269 conspecti,
2480 2206 2648 2256 veluti

1581 2278 1788 2328 Romuli
1812 2280 2057 2343 auspiciis
2087 2295 2272 2330 novam
2296 2281 2491 2331 Urbem
2523 2296 2648 2334 con-

1580 2355 1756 2406 dituro
1778 2354 1976 2418 signum
1999 2355 2295 2409 dederunt.’
2328 2357 2516 2410 Setina.

1653 2434 1724 2484 Ut
1757 2448 1880 2495 enen·
1899 2434 2040 2499 prius
2074 2434 2284 2500 legibus]
2323 2437 2474 2488 Inter
2513 2438 2644 2489 alias

1578 2509 1747 2572 legem
1772 2511 2001 2562 tulerat:
2037 2513 2053 2540 ‘
2080 2512 2274 2561 Moenis
2303 2520 2486 2563 sancta
2510 2513 2646 2564 exis-

1577 2586 1836 2647 timento!
1899 2587 2061 2651 Cujus
2084 2588 2196 2638 Cic.
2221 2589 2346 2639 Nat.
2371 2589 2530 2640 Deor.
2553 2590 2655 2641 lib.

1576 2676 1647 2714 11.
1678 2664 1941 2714 meminit:
1967 2664 2120 2714 Plut.
2144 2666 2206 2715 in.
2230 2666 2499 2717 Problem.
2529 2668 2643 2723 ‚Zo-

1577 2754 1689 2790 nar.
1726 2747 1853 2790 tom.
1872 2754 1936 2790 ιι.
1968 2756 2123 2804 quam
2155 2742 2314 2792 etiem
2348 2741 2491 2793 facto
2525 2745 2642 2808 ipso

1578 2817 1823 2866 Romulus
1846 2817 2020 2867 sanxit
2046 2816 2329 2869 interfecto
2350 2818 2516 2870 fratre
2538 2821 2641 2870 Re·

1574 2905 1678 2942 mo.
1743 2892 1935 2941 Portas
1958 2903 2170 2943 sanctas
2189 2903 2350 2959 negat
2372 2896 2653 2951 Plutarch.

1576 2967 1714 3032 quod
1737 2967 1929 3033 alioqui
1958 2969 2214 3019 cadavera
2236 2985 2331 3035 per
2353 2986 2443 3022 eas
2466 2970 2641 3025 efferri

1574 3058 1678 3094 nou
1699 3045 2005 3108 potuissent.
2041 3046 2179 3096 Vide
2194 3047 2533 3111 Theophilum
2551 3048 2643 3098 In-

1575 3121 1687 3172 stit.
1726 3122 1833 3171 Tit.
1871 3121 1936 3173 de
1976 3123 2168 3173 Rerum
2205 3122 2476 3175 Divisione
2509 3139 2574 3177 ιι.
2610 3128 2642 3191 §

1574 3200 1591 3229 4
1607 3207 1802 3248 sanctae
1826 3214 2032 3264 quoque
2051 3199 2088 3248 τ’
2118 3200 2209 3250 ubi
2227 3198 2404 3251 fabula
2420 3201 2488 3251 de
2505 3201 2644 3253 Diis.

1574 3275 1760 3326 Semne.
1824 3277 1932 3326 Pro
1985 3277 2197 3339 legibus,
2229 3292 2369 3340 quum
2412 3279 2641 3328 maenibus

1572 3353 1799 3409 muniret,
1822 3367 2073 3403 consensu
2099 3353 2463 3418 plerorumque
2484 3355 2649 3405 codd..

1573 3436 1630 3480 et
1648 3428 1771 3479 edd.
1796 3429 2002 3493 reposui
2037 3429 2219 3491 legibus
2251 3431 2478 3497 muniret,
2498 3447 2640 3495 quam

1571 3505 1813 3555 moenibus.
1845 3505 2078 3555 Verbum
2095 3506 2317 3564 scilicet,
2333 3509 2470 3571 quod
2486 3522 2639 3572 spec·

1573 3587 1654 3632 tat
1674 3580 1739 3632 ad
1761 3581 1863 3632 dno
1882 3581 2143 3646 membra,
2156 3597 2297 3648 saepe
2321 3583 2387 3633 ad
2412 3585 2634 3648 primum
2693 3628 2702 3633 -

1572 3657 1819 3710 refertur.
1872 3661 1959 3710 Sic
1990 3674 2058 3709 ex
2090 3660 2275 3711 codice
2298 3662 2493 3725 scripto
2518 3664 2645 3727 lego-

1571 3736 1711 3798 apud
1736 3737 1911 3788 Cicer.
1932 3737 2087 3791 Orat.
2122 3752 2217 3803 pro
2243 3738 2415 3802 Liger.
2448 3753 2566 3804 cap.
2583 3744 2636 3791 9.

1573 3815 1592 3843 4
1609 3814 1792 3877 Magni
1841 3813 2107 3878 cujusdem
2150 3814 2305 3863 animi
2349 3823 2434 3864 est
2475 3824 2642 3880 atque-

1570 3890 1686 3955 ej-us
1707 3887 1836 3940 viri)
1902 3889 2008 3941 Sed
2031 3891 2160 3940 talia
2182 3900 2304 3940 sunt
2320 3890 2502 3941 obvia:
2538 3906 2634 3956 pro

1569 3983 1632 4019 eo
1656 3969 1793 4033 quod
1818 3970 2054 4034 sequitur
2075 3968 2365 4030 transiliret,
2387 3970 2439 4019 in
2466 3970 2642 4035 Lugii.

1569 4049 1618 4094 1.
1655 4053 1737 4095 est
1769 4045 2013 4108 transiret,
2048 4052 2107 4094 ut
2139 4046 2374 4095 videatur
2395 4046 2636 4098 librarius

1569 4122 1815 4181 voluisse,
1840 4121 2009 4185 legem
2034 4121 2217 4172 tulisse
2239 4121 2535 4182 Romulum,
2564 4138 2632 4173 ne

1568 4199 1682 4262 quis
1704 4212 2006 4263 quacunque
2041 4198 2200 4248 etiam
2233 4199 2435 4248 ratione
2456 4212 2632 4253 muros

1571 4275 1992 4328 transscenderet
2010 4291 2030 4335 ς
2060 4275 2155 4326 sed
2176 4276 2273 4327 boc
2308 4290 2412 4326 non
2446 4289 2632 4327 conve·
