<?xml version="1.0" encoding="UTF-8"?>
<!DOCTYPE html PUBLIC "-//W3C//DTD XHTML 1.0 Transitional//EN"
    "http://www.w3.org/TR/xhtml1/DTD/xhtml1-transitional.dtd">
<html xmlns="http://www.w3.org/1999/xhtml" xml:lang="en" lang="en">
 <head>
  <title>
</title>
<meta http-equiv="Content-Type" content="text/html;charset=utf-8" />
  <meta name='ocr-system' content='tesseract 3.04.00' />
  <meta name='ocr-capabilities' content='ocr_page ocr_carea ocr_par ocr_line ocrx_word'/>
</head>
<body>
  <div class='ocr_page' id='page_1' title='image "./sextiaureliivic00valpgoog_0031.png"; bbox 0 0 3025 4934; ppageno 0'>
   <div class='ocr_carea' id='block_1_1' title="bbox 707 448 2226 510">
    <p class='ocr_par' dir='ltr' id='par_1_1' title="bbox 707 448 2226 510">
     <span class='ocr_line' id='line_1_1' title="bbox 707 448 2226 510; baseline 0.001 -3"><span class='ocrx_word' id='word_1_1' title='bbox 707 457 990 508; x_wconf 71' lang='lat' dir='ltr'>Auum„</span> <span class='ocrx_word' id='word_1_2' title='bbox 1039 457 1238 506; x_wconf 76' lang='lat' dir='ltr'>vio&#39;r.</span> <span class='ocrx_word' id='word_1_3' title='bbox 1286 448 1511 508; x_wconf 77' lang='lat' dir='ltr'>vmo&#39;s</span> <span class='ocrx_word' id='word_1_4' title='bbox 1539 459 1919 510; x_wconf 52' lang='lat' dir='ltr'>munuera.</span> <span class='ocrx_word' id='word_1_5' title='bbox 1965 459 2127 508; x_wconf 76' lang='lat' dir='ltr'>cAr.</span> <span class='ocrx_word' id='word_1_6' title='bbox 2173 461 2226 510; x_wconf 86' lang='lat'>1.</span> 
     </span>
    </p>
   </div>
   <div class='ocr_carea' id='block_1_2' title="bbox 336 597 1404 1280">
    <p class='ocr_par' dir='ltr' id='par_1_2' title="bbox 336 597 1404 1280">
     <span class='ocr_line' id='line_1_2' title="bbox 346 597 1403 651; baseline 0.003 -3"><span class='ocrx_word' id='word_1_7' title='bbox 346 597 454 648; x_wconf 88' lang='lat' dir='ltr'>brio</span> <span class='ocrx_word' id='word_1_8' title='bbox 472 598 650 649; x_wconf 79' lang='lat' dir='ltr'>fratris</span> <span class='ocrx_word' id='word_1_9' title='bbox 665 600 886 650; x_wconf 81' lang='lat' dir='ltr'>Remum</span> <span class='ocrx_word' id='word_1_10' title='bbox 908 614 1065 649; x_wconf 83' lang='lat' dir='ltr'>novos</span> <span class='ocrx_word' id='word_1_11' title='bbox 1086 600 1403 651; x_wconf 72' lang='lat' dir='ltr'><strong>transiluisse</strong></span> 
     </span>
     <span class='ocr_line' id='line_1_3' title="bbox 346 675 1404 727; baseline 0.003 -4"><span class='ocrx_word' id='word_1_12' title='bbox 346 689 542 724; x_wconf 85' lang='lat' dir='ltr'>muros:</span> <span class='ocrx_word' id='word_1_13' title='bbox 594 675 724 725; x_wconf 88' lang='lat' dir='ltr'>inde</span> <span class='ocrx_word' id='word_1_14' title='bbox 760 676 826 726; x_wconf 82' lang='lat' dir='ltr'>ab</span> <span class='ocrx_word' id='word_1_15' title='bbox 860 678 992 726; x_wconf 90' lang='lat' dir='ltr'>irato</span> <span class='ocrx_word' id='word_1_16' title='bbox 1029 678 1247 727; x_wconf 87' lang='lat' dir='ltr'>Romulo</span> <span class='ocrx_word' id='word_1_17' title='bbox 1271 711 1286 725; x_wconf 89' lang='lat'><strong>.</strong></span> <span class='ocrx_word' id='word_1_18' title='bbox 1309 712 1323 727; x_wconf 91' lang='lat'><strong>.</strong></span> <span class='ocrx_word' id='word_1_19' title='bbox 1349 710 1363 725; x_wconf 90' lang='lat'><strong>.</strong></span> <span class='ocrx_word' id='word_1_20' title='bbox 1390 709 1404 726; x_wconf 89' lang='lat'><strong>.</strong></span> 
     </span>
     <span class='ocr_line' id='line_1_4' title="bbox 342 751 1403 818; baseline 0.004 -19"><span class='ocrx_word' id='word_1_21' title='bbox 342 751 742 801; x_wconf 76' lang='lat' dir='ltr'>interfectumz&#39;</span> <span class='ocrx_word' id='word_1_22' title='bbox 785 752 1041 818; x_wconf 88' lang='lat' dir='ltr'>quomodo</span> <span class='ocrx_word' id='word_1_23' title='bbox 1080 755 1262 803; x_wconf 84' lang='lat' dir='ltr'>melius</span> <span class='ocrx_word' id='word_1_24' title='bbox 1301 754 1403 818; x_wconf 66' lang='lat' dir='ltr'>legi</span> 
     </span>
     <span class='ocr_line' id='line_1_5' title="bbox 344 828 1404 891; baseline 0.007 -16"><span class='ocrx_word' id='word_1_25' title='bbox 344 842 491 891; x_wconf 84' lang='lat' dir='ltr'>quam</span> <span class='ocrx_word' id='word_1_26' title='bbox 509 828 831 879; x_wconf 70' lang='lat' dir='ltr'><strong><em>transilivisse</em></strong></span> <span class='ocrx_word' id='word_1_27' title='bbox 864 830 1148 880; x_wconf 88' lang='lat' dir='ltr'>Diomedes</span> <span class='ocrx_word' id='word_1_28' title='bbox 1171 830 1404 882; x_wconf 75' lang='lat' dir='ltr'>Gramm-</span> 
     </span>
     <span class='ocr_line' id='line_1_6' title="bbox 341 905 1400 960; baseline 0.007 -7"><span class='ocrx_word' id='word_1_29' title='bbox 341 917 379 955; x_wconf 87' lang='lat'>1.</span> <span class='ocrx_word' id='word_1_30' title='bbox 401 905 691 956; x_wconf 87' lang='lat' dir='ltr'>admonuit.</span> <span class='ocrx_word' id='word_1_31' title='bbox 738 908 910 957; x_wconf 79' lang='lat' dir='ltr'>Muros</span> <span class='ocrx_word' id='word_1_32' title='bbox 932 914 1105 958; x_wconf 87' lang='lat' dir='ltr'>tamen</span> <span class='ocrx_word' id='word_1_33' title='bbox 1132 923 1234 958; x_wconf 90' lang='lat' dir='ltr'>non</span> <span class='ocrx_word' id='word_1_34' title='bbox 1258 916 1400 960; x_wconf 90' lang='lat' dir='ltr'>recte</span> 
     </span>
     <span class='ocr_line' id='line_1_7' title="bbox 340 984 1402 1051; baseline 0.007 -22"><span class='ocrx_word' id='word_1_35' title='bbox 340 984 584 1045; x_wconf 85' lang='lat' dir='ltr'>appellat,</span> <span class='ocrx_word' id='word_1_36' title='bbox 598 999 723 1033; x_wconf 89' lang='lat' dir='ltr'>cum</span> <span class='ocrx_word' id='word_1_37' title='bbox 737 984 1048 1049; x_wconf 73' lang='lat' dir='ltr'>Tarquinius</span> <span class='ocrx_word' id='word_1_38' title='bbox 1068 986 1279 1035; x_wconf 87' lang='lat' dir='ltr'>Priscus</span> <span class='ocrx_word' id='word_1_39' title='bbox 1298 987 1402 1051; x_wconf 89' lang='lat' dir='ltr'>pri·</span> 
     </span>
     <span class='ocr_line' id='line_1_8' title="bbox 340 1058 1400 1124; baseline 0.007 -18"><span class='ocrx_word' id='word_1_40' title='bbox 340 1071 446 1107; x_wconf 85' lang='lat' dir='ltr'>mus</span> <span class='ocrx_word' id='word_1_41' title='bbox 477 1058 681 1109; x_wconf 88' lang='lat' dir='ltr'>Urbem</span> <span class='ocrx_word' id='word_1_42' title='bbox 717 1074 865 1110; x_wconf 88' lang='lat' dir='ltr'>muro</span> <span class='ocrx_word' id='word_1_43' title='bbox 898 1061 1108 1124; x_wconf 82' lang='lat' dir='ltr'>lapideo</span> <span class='ocrx_word' id='word_1_44' title='bbox 1141 1063 1400 1124; x_wconf 80' lang='lat' dir='ltr'>cinxerit3</span> 
     </span>
     <span class='ocr_line' id='line_1_9' title="bbox 339 1132 1401 1203; baseline 0.007 -22"><span class='ocrx_word' id='word_1_45' title='bbox 339 1132 432 1182; x_wconf 82' lang='lat' dir='ltr'>nisi</span> <span class='ocrx_word' id='word_1_46' title='bbox 466 1136 598 1184; x_wconf 86' lang='lat' dir='ltr'>muri</span> <span class='ocrx_word' id='word_1_47' title='bbox 640 1134 1034 1188; x_wconf 83' lang='lat' dir='ltr'>fundamentum</span> <span class='ocrx_word' id='word_1_48' title='bbox 1077 1145 1132 1188; x_wconf 91' lang='lat' dir='ltr'>et</span> <span class='ocrx_word' id='word_1_49' title='bbox 1162 1138 1401 1203; x_wconf 65' lang='lat' dir='ltr'>designa-</span> 
     </span>
     <span class='ocr_line' id='line_1_10' title="bbox 336 1210 1404 1280; baseline 0.006 -21"><span class='ocrx_word' id='word_1_50' title='bbox 336 1210 525 1261; x_wconf 76' lang='lat' dir='ltr'>tionem</span> <span class='ocrx_word' id='word_1_51' title='bbox 554 1220 738 1263; x_wconf 86' lang='lat' dir='ltr'>aratro</span> <span class='ocrx_word' id='word_1_52' title='bbox 758 1211 952 1264; x_wconf 82' lang='lat' dir='ltr'>factam</span> <span class='ocrx_word' id='word_1_53' title='bbox 986 1214 1263 1280; x_wconf 76' lang='lat' dir='ltr'>intelligas.</span> <span class='ocrx_word' id='word_1_54' title='bbox 1328 1215 1404 1265; x_wconf 88' lang='lat'>11-</span> 
     </span>
    </p>
   </div>
   <div class='ocr_carea' id='block_1_3' title="bbox 2416 445 2549 511">
    <p class='ocr_par' dir='ltr' id='par_1_3' title="bbox 2416 445 2549 511">
     <span class='ocr_line' id='line_1_11' title="bbox 2416 445 2549 511; baseline 0.015 -2"><span class='ocrx_word' id='word_1_55' title='bbox 2416 445 2549 511; x_wconf 76' lang='lat'>4⁴75</span> 
     </span>
    </p>
   </div>
   <div class='ocr_carea' id='block_1_4' title="bbox 1480 600 2580 1201">
    <p class='ocr_par' dir='ltr' id='par_1_4' title="bbox 1480 600 2580 1201">
     <span class='ocr_line' id='line_1_12' title="bbox 1483 600 2545 666; baseline 0.001 -16"><span class='ocrx_word' id='word_1_56' title='bbox 1483 600 1575 650; x_wconf 91' lang='lat' dir='ltr'>lud</span> <span class='ocrx_word' id='word_1_57' title='bbox 1611 615 1714 650; x_wconf 90' lang='lat' dir='ltr'>nou</span> <span class='ocrx_word' id='word_1_58' title='bbox 1759 600 2285 665; x_wconf 76' lang='lat' dir='ltr'>praetermittendum,</span> <span class='ocrx_word' id='word_1_59' title='bbox 2323 600 2545 666; x_wconf 89' lang='lat' dir='ltr'>primum</span> 
     </span>
     <span class='ocr_line' id='line_1_13' title="bbox 1483 677 2548 743; baseline 0.003 -17"><span class='ocrx_word' id='word_1_60' title='bbox 1483 679 1726 728; x_wconf 83' lang='lat' dir='ltr'>Virorum</span> <span class='ocrx_word' id='word_1_61' title='bbox 1762 678 2044 728; x_wconf 88' lang='lat' dir='ltr'>Illustrium</span> <span class='ocrx_word' id='word_1_62' title='bbox 2082 686 2243 743; x_wconf 81' lang='lat' dir='ltr'>caput</span> <span class='ocrx_word' id='word_1_63' title='bbox 2275 677 2343 728; x_wconf 90' lang='lat' dir='ltr'>de</span> <span class='ocrx_word' id='word_1_64' title='bbox 2373 678 2548 729; x_wconf 76' lang='lat' dir='ltr'>Proca</span> 
     </span>
     <span class='ocr_line' id='line_1_14' title="bbox 1483 754 2542 819; baseline 0 -14"><span class='ocrx_word' id='word_1_65' title='bbox 1483 756 1538 805; x_wconf 86' lang='lat' dir='ltr'>iu</span> <span class='ocrx_word' id='word_1_66' title='bbox 1572 755 1704 806; x_wconf 87' lang='lat' dir='ltr'>Mss.</span> <span class='ocrx_word' id='word_1_67' title='bbox 1739 754 2008 816; x_wconf 76' lang='lat' dir='ltr'>abfuisse3</span> <span class='ocrx_word' id='word_1_68' title='bbox 2051 754 2371 819; x_wconf 74' lang='lat' dir='ltr'><strong>sequebatur</strong></span> <span class='ocrx_word' id='word_1_69' title='bbox 2405 755 2542 805; x_wconf 84' lang='lat' dir='ltr'>enim</span> 
     </span>
     <span class='ocr_line' id='line_1_15' title="bbox 1483 823 2543 896; baseline 0.001 -17"><span class='ocrx_word' id='word_1_70' title='bbox 1483 839 1741 896; x_wconf 81' lang='lat' dir='ltr'>perpetua</span> <span class='ocrx_word' id='word_1_71' title='bbox 1763 831 1897 880; x_wconf 88' lang='lat' dir='ltr'>serie</span> <span class='ocrx_word' id='word_1_72' title='bbox 1921 831 2149 880; x_wconf 72' lang='lat' dir='ltr'>Romulus</span> <span class='ocrx_word' id='word_1_73' title='bbox 2171 833 2353 895; x_wconf 74' lang='lat' dir='ltr'>asylum</span> <span class='ocrx_word' id='word_1_74' title='bbox 2377 823 2543 880; x_wconf 74' lang='grc' dir='ltr'><strong><em>οωιόε-</em></strong></span> 
     </span>
     <span class='ocr_line' id='line_1_16' title="bbox 1483 906 2542 968; baseline 0.001 -12"><span class='ocrx_word' id='word_1_75' title='bbox 1483 908 1591 956; x_wconf 81' lang='lat' dir='ltr'>m&#39;s:</span> <span class='ocrx_word' id='word_1_76' title='bbox 1631 920 1748 955; x_wconf 83' lang='lat' dir='ltr'>nsm</span> <span class='ocrx_word' id='word_1_77' title='bbox 1794 908 2016 968; x_wconf 67' lang='lat' dir='ltr'>vulgatas</span> <span class='ocrx_word' id='word_1_78' title='bbox 2062 906 2307 957; x_wconf 86' lang='lat' dir='ltr'>editionis</span> <span class='ocrx_word' id='word_1_79' title='bbox 2349 907 2440 957; x_wconf 84' lang='lat' dir='ltr'>illa</span> <span class='ocrx_word' id='word_1_80' title='bbox 2474 907 2542 957; x_wconf 82' lang='lat' dir='ltr'>de</span> 
     </span>
     <span class='ocr_line' id='line_1_17' title="bbox 1481 982 2544 1048; baseline -0.001 -16"><span class='ocrx_word' id='word_1_81' title='bbox 1481 983 1683 1048; x_wconf 85' lang='lat' dir='ltr'>origine</span> <span class='ocrx_word' id='word_1_82' title='bbox 1701 982 1860 1033; x_wconf 87' lang='lat' dir='ltr'>Urbis</span> <span class='ocrx_word' id='word_1_83' title='bbox 1879 984 1999 1033; x_wconf 87' lang='lat' dir='ltr'>binc</span> <span class='ocrx_word' id='word_1_84' title='bbox 2018 984 2344 1033; x_wconf 84' lang='lat' dir='ltr'>concinnata.</span> <span class='ocrx_word' id='word_1_85' title='bbox 2371 983 2544 1033; x_wconf 69' lang='lat' dir='ltr'>Schot-</span> 
     </span>
     <span class='ocr_line' id='line_1_18' title="bbox 1480 1060 2580 1124; baseline 0 -14"><span class='ocrx_word' id='word_1_86' title='bbox 1480 1065 1578 1110; x_wconf 76' lang='lat' dir='ltr'>tus.</span> <span class='ocrx_word' id='word_1_87' title='bbox 1643 1060 1750 1110; x_wconf 86' lang='lat' dir='ltr'>Sed</span> <span class='ocrx_word' id='word_1_88' title='bbox 1788 1060 1883 1109; x_wconf 82' lang='lat' dir='ltr'>boc</span> <span class='ocrx_word' id='word_1_89' title='bbox 1922 1066 2082 1124; x_wconf 83' lang='lat' dir='ltr'>caput</span> <span class='ocrx_word' id='word_1_90' title='bbox 2112 1067 2400 1124; x_wconf 86' lang='lat' dir='ltr'>agnoscunt</span> <span class='ocrx_word' id='word_1_91' title='bbox 2434 1073 2542 1110; x_wconf 87' lang='lat' dir='ltr'>om·</span> <span class='ocrx_word' id='word_1_92' title='bbox 2571 1070 2580 1085; x_wconf 76' lang='grc'><strong>”</strong></span> 
     </span>
     <span class='ocr_line' id='line_1_19' title="bbox 1480 1133 2411 1201; baseline -0.004 -14"><span class='ocrx_word' id='word_1_93' title='bbox 1480 1150 1576 1187; x_wconf 86' lang='lat' dir='ltr'>nes</span> <span class='ocrx_word' id='word_1_94' title='bbox 1596 1136 1776 1196; x_wconf 84' lang='lat' dir='ltr'>nostri,</span> <span class='ocrx_word' id='word_1_95' title='bbox 1799 1136 1942 1186; x_wconf 90' lang='lat' dir='ltr'>nullo</span> <span class='ocrx_word' id='word_1_96' title='bbox 1965 1144 2208 1201; x_wconf 81' lang='lat' dir='ltr'>excepto.</span> <span class='ocrx_word' id='word_1_97' title='bbox 2231 1133 2411 1186; x_wconf 72' lang='lat' dir='ltr'>Arma.</span> 
     </span>
    </p>
   </div>
   <div class='ocr_carea' id='block_1_5' title="bbox 763 1676 2102 1757">
    <p class='ocr_par' dir='ltr' id='par_1_5' title="bbox 763 1676 2102 1757">
     <span class='ocr_line' id='line_1_20' title="bbox 763 1676 2102 1757; baseline 0.001 -4"><span class='ocrx_word' id='word_1_98' title='bbox 763 1676 921 1755; x_wconf 90' lang='lat' dir='ltr'>DE</span> <span class='ocrx_word' id='word_1_99' title='bbox 999 1677 1284 1756; x_wconf 86' lang='lat' dir='ltr'><strong>VIRIS</strong></span> <span class='ocrx_word' id='word_1_100' title='bbox 1365 1677 2102 1757; x_wconf 82' lang='lat' dir='ltr'>ILLUSTRIBUS.·</span> 
     </span>
    </p>
   </div>
   <div class='ocr_carea' id='block_1_6' title="bbox 313 1882 1389 3250">
    <p class='ocr_par' dir='ltr' id='par_1_6' title="bbox 313 1882 1389 3250">
     <span class='ocr_line' id='line_1_21' title="bbox 386 1882 1388 1949; baseline 0.001 -16"><span class='ocrx_word' id='word_1_101' title='bbox 386 1882 523 1934; x_wconf 67' lang='lat' dir='ltr'>Cu».</span> <span class='ocrx_word' id='word_1_102' title='bbox 555 1898 605 1933; x_wconf 85' lang='lat'>1.</span> <span class='ocrx_word' id='word_1_103' title='bbox 643 1884 671 1948; x_wconf 85' lang='lat'>§</span> <span class='ocrx_word' id='word_1_104' title='bbox 705 1888 730 1933; x_wconf 83' lang='lat'>1</span> <span class='ocrx_word' id='word_1_105' title='bbox 769 1884 931 1934; x_wconf 75' lang='lat' dir='ltr'>Proca</span> <span class='ocrx_word' id='word_1_106' title='bbox 965 1884 1019 1934; x_wconf 92' lang='lat' dir='ltr'>in</span> <span class='ocrx_word' id='word_1_107' title='bbox 1059 1883 1388 1949; x_wconf 74' lang='lat' dir='ltr'>frontispicio</span> 
     </span>
     <span class='ocr_line' id='line_1_22' title="bbox 324 1952 1389 2026; baseline 0 -17"><span class='ocrx_word' id='word_1_108' title='bbox 324 1952 625 2020; x_wconf 75' lang='lat' dir='ltr'>legendnm,</span> <span class='ocrx_word' id='word_1_109' title='bbox 660 1967 720 2010; x_wconf 87' lang='lat' dir='ltr'>ut</span> <span class='ocrx_word' id='word_1_110' title='bbox 752 1961 943 2026; x_wconf 78' lang='lat' dir='ltr'>virgil.</span> <span class='ocrx_word' id='word_1_111' title='bbox 975 1961 1028 2010; x_wconf 91' lang='lat' dir='ltr'>in</span> <span class='ocrx_word' id='word_1_112' title='bbox 1062 1960 1270 2011; x_wconf 83' lang='lat' dir='ltr'>AEneid.</span> <span class='ocrx_word' id='word_1_113' title='bbox 1300 1961 1389 2011; x_wconf 85' lang='lat' dir='ltr'>lib.</span> 
     </span>
     <span class='ocr_line' id='line_1_23' title="bbox 324 2036 1385 2101; baseline 0.008 -21"><span class='ocrx_word' id='word_1_114' title='bbox 324 2044 396 2082; x_wconf 78' lang='lat' dir='ltr'>vt.</span> <span class='ocrx_word' id='word_1_115' title='bbox 431 2037 447 2063; x_wconf 78' lang='lat'>⁸</span> <span class='ocrx_word' id='word_1_116' title='bbox 474 2036 764 2086; x_wconf 84' lang='lat' dir='ltr'>Proximus</span> <span class='ocrx_word' id='word_1_117' title='bbox 804 2038 895 2086; x_wconf 90' lang='lat' dir='ltr'>ille</span> <span class='ocrx_word' id='word_1_118' title='bbox 933 2037 1108 2087; x_wconf 82' lang='lat' dir='ltr'>Proca</span> <span class='ocrx_word' id='word_1_119' title='bbox 1142 2038 1385 2101; x_wconf 71' lang='lat' dir='ltr'>Trojanae</span> 
     </span>
     <span class='ocr_line' id='line_1_24' title="bbox 324 2107 1387 2176; baseline 0.007 -20"><span class='ocrx_word' id='word_1_120' title='bbox 324 2107 484 2169; x_wconf 72' lang='lat' dir='ltr'>glorie</span> <span class='ocrx_word' id='word_1_121' title='bbox 529 2108 757 2175; x_wconf 75' lang='lat' dir='ltr'>gentis-⁹</span> <span class='ocrx_word' id='word_1_122' title='bbox 821 2112 1161 2176; x_wconf 76' lang='lat' dir='ltr'>Praepostere</span> <span class='ocrx_word' id='word_1_123' title='bbox 1202 2114 1253 2162; x_wconf 91' lang='lat' dir='ltr'>in</span> <span class='ocrx_word' id='word_1_124' title='bbox 1293 2114 1387 2163; x_wconf 84' lang='lat' dir='ltr'>ali-</span> 
     </span>
     <span class='ocr_line' id='line_1_25' title="bbox 323 2185 1386 2254; baseline 0.008 -23"><span class='ocrx_word' id='word_1_125' title='bbox 323 2185 715 2246; x_wconf 71' lang='lat' dir='ltr'>quibus-codd.</span> <span class='ocrx_word' id='word_1_126' title='bbox 751 2188 935 2238; x_wconf 78' lang='lat' dir='ltr'>Procas</span> <span class='ocrx_word' id='word_1_127' title='bbox 981 2190 1210 2254; x_wconf 78' lang='lat' dir='ltr'>legitur:</span> <span class='ocrx_word' id='word_1_128' title='bbox 1268 2204 1386 2240; x_wconf 85' lang='lat' dir='ltr'>uam</span> 
     </span>
     <span class='ocr_line' id='line_1_26' title="bbox 321 2259 1386 2328; baseline 0.008 -19"><span class='ocrx_word' id='word_1_129' title='bbox 321 2259 518 2312; x_wconf 87' lang='lat' dir='ltr'>iambus</span> <span class='ocrx_word' id='word_1_130' title='bbox 562 2271 647 2313; x_wconf 88' lang='lat' dir='ltr'>est</span> <span class='ocrx_word' id='word_1_131' title='bbox 686 2264 740 2314; x_wconf 91' lang='lat' dir='ltr'>in</span> <span class='ocrx_word' id='word_1_132' title='bbox 786 2267 963 2328; x_wconf 86' lang='lat' dir='ltr'>tertio,</span> <span class='ocrx_word' id='word_1_133' title='bbox 1002 2280 1102 2316; x_wconf 88' lang='lat' dir='ltr'>nec</span> <span class='ocrx_word' id='word_1_134' title='bbox 1143 2266 1386 2317; x_wconf 87' lang='lat' dir='ltr'>Latinum</span> 
     </span>
     <span class='ocr_line' id='line_1_27' title="bbox 321 2343 1384 2409; baseline 0.006 -20"><span class='ocrx_word' id='word_1_135' title='bbox 321 2354 507 2393; x_wconf 82' lang='lat' dir='ltr'>nomen</span> <span class='ocrx_word' id='word_1_136' title='bbox 551 2343 605 2392; x_wconf 86' lang='lat' dir='ltr'>in</span> <span class='ocrx_word' id='word_1_137' title='bbox 640 2357 697 2393; x_wconf 78' lang='lat' dir='ltr'>us</span> <span class='ocrx_word' id='word_1_138' title='bbox 726 2344 907 2409; x_wconf 79' lang='lat' dir='ltr'>primae</span> <span class='ocrx_word' id='word_1_139' title='bbox 937 2346 1214 2398; x_wconf 87' lang='lat' dir='ltr'>iuvenitur.</span> <span class='ocrx_word' id='word_1_140' title='bbox 1280 2347 1384 2396; x_wconf 86' lang='lat' dir='ltr'>Eu·</span> 
     </span>
     <span class='ocr_line' id='line_1_28' title="bbox 317 2417 1385 2489; baseline 0.007 -25"><span class='ocrx_word' id='word_1_141' title='bbox 317 2417 489 2468; x_wconf 85' lang='lat' dir='ltr'>sebius</span> <span class='ocrx_word' id='word_1_142' title='bbox 542 2420 722 2483; x_wconf 84' lang='lat' dir='ltr'>etiam,</span> <span class='ocrx_word' id='word_1_143' title='bbox 766 2421 901 2470; x_wconf 86' lang='lat' dir='ltr'>Divo</span> <span class='ocrx_word' id='word_1_144' title='bbox 946 2421 1267 2489; x_wconf 76' lang='lat' dir='ltr'>Hieronymo</span> <span class='ocrx_word' id='word_1_145' title='bbox 1310 2424 1385 2471; x_wconf 87' lang='lat' dir='ltr'>iu·</span> 
     </span>
     <span class='ocr_line' id='line_1_29' title="bbox 319 2495 1384 2560; baseline 0.005 -18"><span class='ocrx_word' id='word_1_146' title='bbox 319 2501 580 2560; x_wconf 83' lang='lat' dir='ltr'>terprete‚</span> <span class='ocrx_word' id='word_1_147' title='bbox 609 2495 661 2544; x_wconf 90' lang='lat' dir='ltr'>in</span> <span class='ocrx_word' id='word_1_148' title='bbox 697 2497 833 2546; x_wconf 88' lang='lat' dir='ltr'>serie</span> <span class='ocrx_word' id='word_1_149' title='bbox 867 2511 1044 2560; x_wconf 73' lang='lat' dir='ltr'>regum</span> <span class='ocrx_word' id='word_1_150' title='bbox 1079 2498 1384 2547; x_wconf 85' lang='lat' dir='ltr'>Latinorum</span> 
     </span>
     <span class='ocr_line' id='line_1_30' title="bbox 320 2569 1383 2639; baseline 0.005 -20"><span class='ocrx_word' id='word_1_151' title='bbox 320 2569 392 2620; x_wconf 85' lang='lat' dir='ltr'>ita</span> <span class='ocrx_word' id='word_1_152' title='bbox 411 2572 634 2622; x_wconf 83' lang='lat' dir='ltr'>scribit:</span> <span class='ocrx_word' id='word_1_153' title='bbox 669 2580 684 2602; x_wconf 79' lang='lat'>⁸</span> <span class='ocrx_word' id='word_1_154' title='bbox 701 2573 886 2630; x_wconf 80' lang='lat' dir='ltr'>Jauus,</span> <span class='ocrx_word' id='word_1_155' title='bbox 909 2574 1184 2639; x_wconf 71' lang='lat' dir='ltr'>Saturnus,</span> <span class='ocrx_word' id='word_1_156' title='bbox 1206 2575 1383 2632; x_wconf 86' lang='lat' dir='ltr'>Picus,</span> 
     </span>
     <span class='ocr_line' id='line_1_31' title="bbox 317 2645 1381 2711; baseline 0.006 -16"><span class='ocrx_word' id='word_1_157' title='bbox 317 2645 548 2710; x_wconf 78' lang='lat' dir='ltr'>Faunus,</span> <span class='ocrx_word' id='word_1_158' title='bbox 592 2649 827 2711; x_wconf 80' lang='lat' dir='ltr'>Latinus,</span> <span class='ocrx_word' id='word_1_159' title='bbox 867 2649 1199 2710; x_wconf 80' lang='lat' dir='ltr'>Aventinus,·</span> <span class='ocrx_word' id='word_1_160' title='bbox 1222 2651 1381 2701; x_wconf 84' lang='lat' dir='ltr'>Asca-</span> 
     </span>
     <span class='ocr_line' id='line_1_32' title="bbox 317 2726 1381 2795; baseline 0.004 -21"><span class='ocrx_word' id='word_1_161' title='bbox 317 2726 450 2783; x_wconf 85' lang='lat' dir='ltr'>nius,</span> <span class='ocrx_word' id='word_1_162' title='bbox 468 2727 698 2792; x_wconf 77' lang='lat' dir='ltr'>Sylvius,</span> <span class='ocrx_word' id='word_1_163' title='bbox 716 2729 904 2778; x_wconf 83' lang='lat' dir='ltr'>AEueas</span> <span class='ocrx_word' id='word_1_164' title='bbox 923 2730 1149 2795; x_wconf 80' lang='lat' dir='ltr'>Sylvius,</span> <span class='ocrx_word' id='word_1_165' title='bbox 1170 2731 1381 2781; x_wconf 84' lang='lat' dir='ltr'>Latinus</span> 
     </span>
     <span class='ocr_line' id='line_1_33' title="bbox 315 2801 1383 2873; baseline 0.007 -23"><span class='ocrx_word' id='word_1_166' title='bbox 315 2801 540 2867; x_wconf 74' lang='lat' dir='ltr'>Sylvius,</span> <span class='ocrx_word' id='word_1_167' title='bbox 573 2805 845 2856; x_wconf 83' lang='lat' dir='ltr'>Tiberinus</span> <span class='ocrx_word' id='word_1_168' title='bbox 882 2806 1106 2868; x_wconf 74' lang='lat' dir='ltr'>Sylvius,</span> <span class='ocrx_word' id='word_1_169' title='bbox 1145 2806 1383 2873; x_wconf 66' lang='lat' dir='ltr'>Agrippa</span> 
     </span>
     <span class='ocr_line' id='line_1_34' title="bbox 313 2877 1380 2947; baseline 0.007 -20"><span class='ocrx_word' id='word_1_170' title='bbox 313 2877 546 2942; x_wconf 79' lang='lat' dir='ltr'>Sylvius,</span> <span class='ocrx_word' id='word_1_171' title='bbox 567 2880 815 2930; x_wconf 87' lang='lat' dir='ltr'>Romulus</span> <span class='ocrx_word' id='word_1_172' title='bbox 836 2881 1058 2945; x_wconf 79' lang='lat' dir='ltr'>Sylvius,</span> <span class='ocrx_word' id='word_1_173' title='bbox 1076 2883 1246 2934; x_wconf 82' lang='lat' dir='ltr'>Proca</span> <span class='ocrx_word' id='word_1_174' title='bbox 1265 2885 1380 2947; x_wconf 76' lang='lat' dir='ltr'>syl-</span> 
     </span>
     <span class='ocr_line' id='line_1_35' title="bbox 316 2955 1379 3021; baseline 0.008 -20"><span class='ocrx_word' id='word_1_175' title='bbox 316 2956 449 3019; x_wconf 77' lang='lat' dir='ltr'>vius,</span> <span class='ocrx_word' id='word_1_176' title='bbox 499 2955 752 3014; x_wconf 83' lang='lat' dir='ltr'>Amulius,</span> <span class='ocrx_word' id='word_1_177' title='bbox 795 2959 882 3021; x_wconf 88' lang='lat' dir='ltr'>qui</span> <span class='ocrx_word' id='word_1_178' title='bbox 940 2961 1180 3021; x_wconf 79' lang='lat' dir='ltr'>regnavit</span> <span class='ocrx_word' id='word_1_179' title='bbox 1233 2960 1379 3009; x_wconf 86' lang='lat' dir='ltr'>annis</span> 
     </span>
     <span class='ocr_line' id='line_1_36' title="bbox 316 3032 1379 3097; baseline 0.008 -19"><span class='ocrx_word' id='word_1_180' title='bbox 316 3032 667 3095; x_wconf 73' lang='lat' dir='ltr'>qiiadraginta</span> <span class='ocrx_word' id='word_1_181' title='bbox 698 3034 956 3097; x_wconf 86' lang='lat' dir='ltr'>quatuor.’</span> <span class='ocrx_word' id='word_1_182' title='bbox 1022 3035 1176 3085; x_wconf 89' lang='lat' dir='ltr'>Hanc</span> <span class='ocrx_word' id='word_1_183' title='bbox 1204 3044 1379 3087; x_wconf 88' lang='lat' dir='ltr'>autem</span> 
     </span>
     <span class='ocr_line' id='line_1_37' title="bbox 316 3107 1379 3177; baseline 0.008 -22"><span class='ocrx_word' id='word_1_184' title='bbox 316 3107 590 3158; x_wconf 74' lang='lat' dir='ltr'>historiam</span> <span class='ocrx_word' id='word_1_185' title='bbox 623 3112 784 3159; x_wconf 86' lang='lat' dir='ltr'>etiam</span> <span class='ocrx_word' id='word_1_186' title='bbox 822 3110 1044 3161; x_wconf 81' lang='lat' dir='ltr'>O&#39;vidius</span> <span class='ocrx_word' id='word_1_187' title='bbox 1085 3112 1292 3177; x_wconf 61' lang='lat' dir='ltr'>politice</span> <span class='ocrx_word' id='word_1_188' title='bbox 1324 3113 1379 3163; x_wconf 90' lang='lat' dir='ltr'>iu</span> 
     </span>
     <span class='ocr_line' id='line_1_38' title="bbox 313 3183 1380 3250; baseline 0.007 -19"><span class='ocrx_word' id='word_1_189' title='bbox 313 3183 489 3234; x_wconf 81' lang='lat' dir='ltr'>Pastis</span> <span class='ocrx_word' id='word_1_190' title='bbox 534 3185 831 3248; x_wconf 84' lang='lat' dir='ltr'>auspicatus</span> <span class='ocrx_word' id='word_1_191' title='bbox 871 3196 971 3250; x_wconf 86' lang='lat' dir='ltr'>est,</span> <span class='ocrx_word' id='word_1_192' title='bbox 1009 3197 1068 3237; x_wconf 85' lang='lat' dir='ltr'>ut</span> <span class='ocrx_word' id='word_1_193' title='bbox 1114 3188 1380 3238; x_wconf 83' lang='lat' dir='ltr'>dulcedini</span> 
     </span>
    </p>
   </div>
   <div class='ocr_carea' id='block_1_7' title="bbox 310 3261 1413 3330">
    <p class='ocr_par' dir='ltr' id='par_1_7' title="bbox 310 3261 1413 3330">
     <span class='ocr_line' id='line_1_39' title="bbox 310 3261 1413 3330; baseline 0.005 -20"><span class='ocrx_word' id='word_1_194' title='bbox 310 3273 520 3323; x_wconf 78' lang='lat' dir='ltr'>quoque</span> <span class='ocrx_word' id='word_1_195' title='bbox 544 3261 811 3324; x_wconf 71' lang='lat' dir='ltr'>poetarum</span> <span class='ocrx_word' id='word_1_196' title='bbox 830 3265 1020 3327; x_wconf 83' lang='lat' dir='ltr'>aliquid</span> <span class='ocrx_word' id='word_1_197' title='bbox 1040 3267 1089 3315; x_wconf 91' lang='lat' dir='ltr'>iu</span> <span class='ocrx_word' id='word_1_198' title='bbox 1106 3265 1204 3314; x_wconf 85' lang='lat' dir='ltr'>boc</span> <span class='ocrx_word' id='word_1_199' title='bbox 1221 3279 1377 3330; x_wconf 89' lang='lat' dir='ltr'>opus·</span> <span class='ocrx_word' id='word_1_200' title='bbox 1406 3280 1413 3287; x_wconf 89' lang='lat'><strong>·</strong></span> 
     </span>
    </p>
   </div>
   <div class='ocr_carea' id='block_1_8' title="bbox 312 3337 1377 3634">
    <p class='ocr_par' dir='ltr' id='par_1_8' title="bbox 312 3337 1377 3634">
     <span class='ocr_line' id='line_1_40' title="bbox 314 3337 1377 3406; baseline 0.008 -23"><span class='ocrx_word' id='word_1_201' title='bbox 314 3337 436 3385; x_wconf 84' lang='lat' dir='ltr'>culo</span> <span class='ocrx_word' id='word_1_202' title='bbox 494 3337 813 3389; x_wconf 75' lang='lat' dir='ltr'>tribuamus:</span> <span class='ocrx_word' id='word_1_203' title='bbox 868 3341 884 3367; x_wconf 88' lang='lat'>‘</span> <span class='ocrx_word' id='word_1_204' title='bbox 910 3340 1088 3404; x_wconf 79' lang='lat' dir='ltr'>Sylvie</span> <span class='ocrx_word' id='word_1_205' title='bbox 1130 3342 1377 3406; x_wconf 66' lang='lat' dir='ltr'>Vestalis,</span> 
     </span>
     <span class='ocr_line' id='line_1_41' title="bbox 314 3412 1377 3476; baseline 0.008 -15"><span class='ocrx_word' id='word_1_206' title='bbox 314 3412 438 3476; x_wconf 84' lang='lat' dir='ltr'>quid</span> <span class='ocrx_word' id='word_1_207' title='bbox 464 3414 602 3463; x_wconf 88' lang='lat' dir='ltr'>cuim</span> <span class='ocrx_word' id='word_1_208' title='bbox 627 3425 775 3465; x_wconf 84' lang='lat' dir='ltr'>vetet</span> <span class='ocrx_word' id='word_1_209' title='bbox 798 3417 919 3466; x_wconf 89' lang='lat' dir='ltr'>inde</span> <span class='ocrx_word' id='word_1_210' title='bbox 943 3419 1173 3467; x_wconf 85' lang='lat' dir='ltr'>moveri?</span> <span class='ocrx_word' id='word_1_211' title='bbox 1213 3419 1377 3469; x_wconf 88' lang='lat' dir='ltr'>Sacra</span> 
     </span>
     <span class='ocr_line' id='line_1_42' title="bbox 312 3484 1375 3557; baseline 0.008 -20"><span class='ocrx_word' id='word_1_212' title='bbox 312 3484 579 3539; x_wconf 79' lang='lat' dir='ltr'>lavaturas</span> <span class='ocrx_word' id='word_1_213' title='bbox 601 3505 750 3539; x_wconf 87' lang='lat' dir='ltr'>mane</span> <span class='ocrx_word' id='word_1_214' title='bbox 787 3492 1004 3555; x_wconf 87' lang='lat' dir='ltr'>petebat</span> <span class='ocrx_word' id='word_1_215' title='bbox 1036 3492 1230 3557; x_wconf 84' lang='lat' dir='ltr'>aquas.&#39;</span> <span class='ocrx_word' id='word_1_216' title='bbox 1261 3496 1375 3545; x_wconf 80' lang='lat' dir='ltr'>Mo-</span> 
     </span>
     <span class='ocr_line' id='line_1_43' title="bbox 313 3566 1374 3634; baseline 0.008 -21"><span class='ocrx_word' id='word_1_217' title='bbox 313 3566 449 3615; x_wconf 67' lang='lat' dir='ltr'>ckmt.</span> <span class='ocrx_word' id='word_1_218' title='bbox 519 3567 638 3617; x_wconf 87' lang='lat' dir='ltr'>Nec</span> <span class='ocrx_word' id='word_1_219' title='bbox 676 3568 855 3617; x_wconf 89' lang='lat' dir='ltr'>titulus</span> <span class='ocrx_word' id='word_1_220' title='bbox 887 3570 992 3634; x_wconf 87' lang='lat' dir='ltr'>hic,</span> <span class='ocrx_word' id='word_1_221' title='bbox 1021 3584 1118 3619; x_wconf 86' lang='lat' dir='ltr'>nec</span> <span class='ocrx_word' id='word_1_222' title='bbox 1151 3571 1374 3634; x_wconf 87' lang='lat' dir='ltr'>primum</span> 
     </span>
    </p>
   </div>
   <div class='ocr_carea' id='block_1_9' title="bbox 312 3640 1405 3708">
    <p class='ocr_par' dir='ltr' id='par_1_9' title="bbox 312 3640 1405 3708">
     <span class='ocr_line' id='line_1_44' title="bbox 312 3640 1405 3708; baseline 0.008 -19"><span class='ocrx_word' id='word_1_223' title='bbox 312 3640 465 3706; x_wconf 79' lang='lat' dir='ltr'>hujus</span> <span class='ocrx_word' id='word_1_224' title='bbox 494 3643 658 3693; x_wconf 84' lang='lat' dir='ltr'>libelli</span> <span class='ocrx_word' id='word_1_225' title='bbox 691 3653 852 3708; x_wconf 86' lang='lat' dir='ltr'>caput</span> <span class='ocrx_word' id='word_1_226' title='bbox 874 3645 955 3694; x_wconf 89' lang='lat' dir='ltr'>De</span> <span class='ocrx_word' id='word_1_227' title='bbox 983 3645 1166 3702; x_wconf 85' lang='lat' dir='ltr'>Proca,</span> <span class='ocrx_word' id='word_1_228' title='bbox 1190 3661 1281 3696; x_wconf 85' lang='lat' dir='ltr'>seu</span> <span class='ocrx_word' id='word_1_229' title='bbox 1304 3646 1373 3699; x_wconf 89' lang='lat' dir='ltr'>de</span> <span class='ocrx_word' id='word_1_230' title='bbox 1400 3664 1405 3671; x_wconf 81' lang='grc'><em>·</em></span> 
     </span>
    </p>
   </div>
   <div class='ocr_carea' id='block_1_10' title="bbox 310 3715 1375 4011">
    <p class='ocr_par' dir='ltr' id='par_1_10' title="bbox 310 3715 1375 4011">
     <span class='ocr_line' id='line_1_45' title="bbox 313 3715 1373 3784; baseline 0.008 -18"><span class='ocrx_word' id='word_1_231' title='bbox 313 3715 519 3768; x_wconf 83' lang='lat' dir='ltr'>Romuli</span> <span class='ocrx_word' id='word_1_232' title='bbox 541 3725 595 3768; x_wconf 86' lang='lat' dir='ltr'>et</span> <span class='ocrx_word' id='word_1_233' title='bbox 613 3720 763 3769; x_wconf 86' lang='lat' dir='ltr'>Remi</span> <span class='ocrx_word' id='word_1_234' title='bbox 781 3728 919 3784; x_wconf 88' lang='lat' dir='ltr'>ortu,</span> <span class='ocrx_word' id='word_1_235' title='bbox 936 3722 989 3772; x_wconf 89' lang='lat' dir='ltr'>in</span> <span class='ocrx_word' id='word_1_236' title='bbox 1012 3723 1214 3773; x_wconf 79' lang='lat' dir='ltr'>schotti</span> <span class='ocrx_word' id='word_1_237' title='bbox 1238 3724 1373 3776; x_wconf 87' lang='lat' dir='ltr'>libro</span> 
     </span>
     <span class='ocr_line' id='line_1_46' title="bbox 311 3790 1371 3859; baseline 0.008 -16"><span class='ocrx_word' id='word_1_238' title='bbox 311 3792 413 3843; x_wconf 83' lang='lat' dir='ltr'>Ms.</span> <span class='ocrx_word' id='word_1_239' title='bbox 435 3790 680 3845; x_wconf 79' lang='lat' dir='ltr'>exstant:</span> <span class='ocrx_word' id='word_1_240' title='bbox 716 3797 829 3859; x_wconf 88' lang='lat' dir='ltr'>sed,</span> <span class='ocrx_word' id='word_1_241' title='bbox 853 3805 908 3847; x_wconf 91' lang='lat' dir='ltr'>ut</span> <span class='ocrx_word' id='word_1_242' title='bbox 933 3798 1086 3849; x_wconf 88' lang='lat' dir='ltr'>modo</span> <span class='ocrx_word' id='word_1_243' title='bbox 1106 3799 1234 3858; x_wconf 82' lang='lat' dir='ltr'>dixi,</span> <span class='ocrx_word' id='word_1_244' title='bbox 1253 3815 1371 3851; x_wconf 90' lang='lat' dir='ltr'>cum</span> 
     </span>
     <span class='ocr_line' id='line_1_47' title="bbox 316 3874 1374 3941; baseline 0.01 -23"><span class='ocrx_word' id='word_1_245' title='bbox 316 3878 559 3920; x_wconf 82' lang='lat' dir='ltr'>extremo</span> <span class='ocrx_word' id='word_1_246' title='bbox 591 3874 877 3934; x_wconf 82' lang='lat' dir='ltr'>superioris</span> <span class='ocrx_word' id='word_1_247' title='bbox 906 3874 1046 3939; x_wconf 85' lang='lat' dir='ltr'>libri,</span> <span class='ocrx_word' id='word_1_248' title='bbox 1078 3877 1169 3941; x_wconf 87' lang='lat' dir='ltr'>qui</span> <span class='ocrx_word' id='word_1_249' title='bbox 1196 3887 1279 3928; x_wconf 86' lang='lat' dir='ltr'>est</span> <span class='ocrx_word' id='word_1_250' title='bbox 1306 3878 1374 3929; x_wconf 92' lang='lat' dir='ltr'>de</span> 
     </span>
     <span class='ocr_line' id='line_1_48' title="bbox 310 3945 1375 4011; baseline 0.008 -15"><span class='ocrx_word' id='word_1_251' title='bbox 310 3945 527 4010; x_wconf 73' lang='lat' dir='ltr'>Origine</span> <span class='ocrx_word' id='word_1_252' title='bbox 549 3947 740 3998; x_wconf 77' lang='lat' dir='ltr'>Gentis</span> <span class='ocrx_word' id='word_1_253' title='bbox 758 3949 1020 4011; x_wconf 63' lang='lat' dir='ltr'>Romanae,</span> <span class='ocrx_word' id='word_1_254' title='bbox 1041 3953 1375 4005; x_wconf 86' lang='lat' dir='ltr'>continuatur</span> 
     </span>
    </p>
   </div>
   <div class='ocr_carea' id='block_1_11' title="bbox 220 4023 1375 4088">
    <p class='ocr_par' dir='ltr' id='par_1_11' title="bbox 220 4023 1375 4088">
     <span class='ocr_line' id='line_1_49' title="bbox 220 4023 1375 4088; baseline 0.01 -19"><span class='ocrx_word' id='word_1_255' title='bbox 220 4064 228 4080; x_wconf 78' lang='grc'><strong>,</strong></span> <span class='ocrx_word' id='word_1_256' title='bbox 309 4030 469 4085; x_wconf 70' lang='lat' dir='ltr'>ceput</span> <span class='ocrx_word' id='word_1_257' title='bbox 491 4023 779 4073; x_wconf 87' lang='lat' dir='ltr'>secundum</span> <span class='ocrx_word' id='word_1_258' title='bbox 798 4024 951 4088; x_wconf 84' lang='lat' dir='ltr'>hujus</span> <span class='ocrx_word' id='word_1_259' title='bbox 971 4026 1130 4077; x_wconf 87' lang='lat' dir='ltr'>libelli</span> <span class='ocrx_word' id='word_1_260' title='bbox 1153 4027 1219 4078; x_wconf 90' lang='lat' dir='ltr'>de</span> <span class='ocrx_word' id='word_1_261' title='bbox 1238 4030 1375 4080; x_wconf 90' lang='lat' dir='ltr'>Viris</span> 
     </span>
    </p>
   </div>
   <div class='ocr_carea' id='block_1_12' title="bbox 307 4093 1372 4395">
    <p class='ocr_par' dir='ltr' id='par_1_12' title="bbox 307 4093 1372 4395">
     <span class='ocr_line' id='line_1_50' title="bbox 307 4093 1370 4169; baseline 0.008 -24"><span class='ocrx_word' id='word_1_262' title='bbox 307 4093 635 4149; x_wconf 71' lang='lat' dir='ltr'>Illustribusz</span> <span class='ocrx_word' id='word_1_263' title='bbox 671 4106 901 4150; x_wconf 81' lang='lat' dir='ltr'>attamen</span> <span class='ocrx_word' id='word_1_264' title='bbox 922 4101 1076 4151; x_wconf 89' lang='lat' dir='ltr'>etiam</span> <span class='ocrx_word' id='word_1_265' title='bbox 1096 4104 1185 4152; x_wconf 87' lang='lat' dir='ltr'>alii</span> <span class='ocrx_word' id='word_1_266' title='bbox 1207 4106 1370 4169; x_wconf 86' lang='lat' dir='ltr'>scrip·</span> 
     </span>
     <span class='ocr_line' id='line_1_51' title="bbox 309 4175 1372 4231; baseline 0.008 -9"><span class='ocrx_word' id='word_1_267' title='bbox 309 4178 451 4224; x_wconf 89' lang='lat' dir='ltr'>tores</span> <span class='ocrx_word' id='word_1_268' title='bbox 487 4175 756 4226; x_wconf 81' lang='lat' dir='ltr'>historiam</span> <span class='ocrx_word' id='word_1_269' title='bbox 795 4176 1087 4228; x_wconf 85' lang='lat' dir='ltr'>Romanam</span> <span class='ocrx_word' id='word_1_270' title='bbox 1122 4193 1155 4228; x_wconf 85' lang='lat' dir='ltr'>a</span> <span class='ocrx_word' id='word_1_271' title='bbox 1199 4180 1372 4231; x_wconf 89' lang='lat' dir='ltr'>Proca</span> 
     </span>
     <span class='ocr_line' id='line_1_52' title="bbox 310 4251 1369 4314; baseline 0.008 -15"><span class='ocrx_word' id='word_1_272' title='bbox 310 4251 676 4314; x_wconf 86' lang='lat' dir='ltr'>suspicantur;</span> <span class='ocrx_word' id='word_1_273' title='bbox 709 4259 770 4302; x_wconf 90' lang='lat' dir='ltr'>ut</span> <span class='ocrx_word' id='word_1_274' title='bbox 809 4252 1030 4303; x_wconf 83' lang='lat' dir='ltr'>Orosius</span> <span class='ocrx_word' id='word_1_275' title='bbox 1066 4268 1130 4305; x_wconf 86' lang='lat' dir='ltr'>n.</span> <span class='ocrx_word' id='word_1_276' title='bbox 1159 4260 1209 4307; x_wconf 81' lang='lat'>2.</span> <span class='ocrx_word' id='word_1_277' title='bbox 1240 4264 1298 4306; x_wconf 89' lang='lat' dir='ltr'>et</span> <span class='ocrx_word' id='word_1_278' title='bbox 1329 4270 1369 4307; x_wconf 86' lang='lat'>1.</span> 
     </span>
     <span class='ocr_line' id='line_1_53' title="bbox 311 4327 1370 4395; baseline 0.008 -20"><span class='ocrx_word' id='word_1_279' title='bbox 311 4330 360 4376; x_wconf 90' lang='lat'>1.</span> <span class='ocrx_word' id='word_1_280' title='bbox 382 4336 538 4379; x_wconf 80' lang='lat' dir='ltr'>=tsste</span> <span class='ocrx_word' id='word_1_281' title='bbox 582 4327 1138 4395; x_wconf 67' lang='lat' dir='ltr'>Sehotto.‹891burg.·</span> <span class='ocrx_word' id='word_1_282' title='bbox 1187 4333 1370 4385; x_wconf 79' lang='lat' dir='ltr'>Procas</span> 
     </span>
    </p>
   </div>
   <div class='ocr_carea' id='block_1_13' title="bbox 1443 1883 2568 4322">
    <p class='ocr_par' dir='ltr' id='par_1_13' title="bbox 1467 1883 2568 2252">
     <span class='ocr_line' id='line_1_54' title="bbox 1468 1883 2568 1948; baseline 0.002 -16"><span class='ocrx_word' id='word_1_283' title='bbox 1468 1884 1603 1933; x_wconf 83' lang='lat' dir='ltr'>alter</span> <span class='ocrx_word' id='word_1_284' title='bbox 1618 1884 1783 1948; x_wconf 73' lang='lat' dir='ltr'>Lugd.</span> <span class='ocrx_word' id='word_1_285' title='bbox 1804 1891 1864 1934; x_wconf 88' lang='lat' dir='ltr'>et</span> <span class='ocrx_word' id='word_1_286' title='bbox 1879 1884 2058 1935; x_wconf 82' lang='lat' dir='ltr'>Hsuu.</span> <span class='ocrx_word' id='word_1_287' title='bbox 2116 1883 2393 1935; x_wconf 83' lang='lat' dir='ltr'>Machanei</span> <span class='ocrx_word' id='word_1_288' title='bbox 2414 1897 2533 1934; x_wconf 79' lang='lat' dir='ltr'>sen·</span> <span class='ocrx_word' id='word_1_289' title='bbox 2559 1894 2568 1901; x_wconf 60' lang='lat'><strong>⁴</strong></span> 
     </span>
     <span class='ocr_line' id='line_1_55' title="bbox 1470 1960 2568 2012; baseline 0.001 -3"><span class='ocrx_word' id='word_1_290' title='bbox 1470 1960 1637 2010; x_wconf 81' lang='lat' dir='ltr'>tentis</span> <span class='ocrx_word' id='word_1_291' title='bbox 1656 1961 1790 2009; x_wconf 79' lang='lat' dir='ltr'>Livii</span> <span class='ocrx_word' id='word_1_292' title='bbox 1813 1975 1852 2009; x_wconf 87' lang='lat'>1.</span> <span class='ocrx_word' id='word_1_293' title='bbox 1875 1965 1923 2010; x_wconf 77' lang='grc'>3.</span> <span class='ocrx_word' id='word_1_294' title='bbox 1949 1960 2108 2011; x_wconf 86' lang='lat' dir='ltr'>Ovid.</span> <span class='ocrx_word' id='word_1_295' title='bbox 2125 1961 2258 2010; x_wconf 85' lang='lat' dir='ltr'>Met.</span> <span class='ocrx_word' id='word_1_296' title='bbox 2280 1965 2533 2012; x_wconf 60' lang='lat' dir='ltr'>ninom·</span> <span class='ocrx_word' id='word_1_297' title='bbox 2559 1978 2568 1989; x_wconf 56' lang='lat'><strong>*</strong></span> 
     </span>
     <span class='ocr_line' id='line_1_56' title="bbox 1468 2035 2529 2101; baseline -0.001 -15"><span class='ocrx_word' id='word_1_298' title='bbox 1468 2036 1792 2101; x_wconf 88' lang='lat' dir='ltr'>aliorumque</span> <span class='ocrx_word' id='word_1_299' title='bbox 1810 2037 2122 2087; x_wconf 80' lang='lat' dir='ltr'>auctoritate</span> <span class='ocrx_word' id='word_1_300' title='bbox 2138 2035 2385 2086; x_wconf 88' lang='lat' dir='ltr'>munitur.</span> <span class='ocrx_word' id='word_1_301' title='bbox 2420 2036 2529 2086; x_wconf 87' lang='lat' dir='ltr'>Ne·</span> 
     </span>
     <span class='ocr_line' id='line_1_57' title="bbox 1467 2112 2562 2177; baseline 0 -16"><span class='ocrx_word' id='word_1_302' title='bbox 1467 2126 1571 2177; x_wconf 85' lang='lat' dir='ltr'>que</span> <span class='ocrx_word' id='word_1_303' title='bbox 1593 2120 1764 2162; x_wconf 86' lang='lat' dir='ltr'>tamen</span> <span class='ocrx_word' id='word_1_304' title='bbox 1788 2114 2046 2177; x_wconf 82' lang='lat' dir='ltr'>posterius</span> <span class='ocrx_word' id='word_1_305' title='bbox 2063 2113 2268 2162; x_wconf 90' lang='lat' dir='ltr'>omuino</span> <span class='ocrx_word' id='word_1_306' title='bbox 2283 2120 2365 2163; x_wconf 91' lang='lat' dir='ltr'>est</span> <span class='ocrx_word' id='word_1_307' title='bbox 2386 2112 2532 2162; x_wconf 86' lang='lat' dir='ltr'>dam·</span> <span class='ocrx_word' id='word_1_308' title='bbox 2557 2142 2562 2147; x_wconf 93' lang='lat'>-</span> 
     </span>
     <span class='ocr_line' id='line_1_58' title="bbox 1467 2188 2530 2252; baseline -0.001 -14"><span class='ocrx_word' id='word_1_309' title='bbox 1467 2188 1715 2251; x_wconf 87' lang='lat' dir='ltr'>nandum,</span> <span class='ocrx_word' id='word_1_310' title='bbox 1750 2204 1866 2240; x_wconf 89' lang='lat' dir='ltr'>cum</span> <span class='ocrx_word' id='word_1_311' title='bbox 1901 2190 1954 2238; x_wconf 89' lang='lat' dir='ltr'>in</span> <span class='ocrx_word' id='word_1_312' title='bbox 1986 2189 2141 2240; x_wconf 85' lang='lat' dir='ltr'>codd.</span> <span class='ocrx_word' id='word_1_313' title='bbox 2172 2188 2373 2252; x_wconf 81' lang='lat' dir='ltr'>Virgilii</span> <span class='ocrx_word' id='word_1_314' title='bbox 2410 2188 2530 2238; x_wconf 81' lang='lat' dir='ltr'>AEn.</span> 
     </span>
    </p>

    <p class='ocr_par' dir='ltr' id='par_1_14' title="bbox 1465 2267 2539 2410">
     <span class='ocr_line' id='line_1_59' title="bbox 1468 2267 2539 2331; baseline -0.001 -13"><span class='ocrx_word' id='word_1_315' title='bbox 1468 2282 1551 2318; x_wconf 79' lang='lat' dir='ltr'>v1.</span> <span class='ocrx_word' id='word_1_316' title='bbox 1590 2272 1705 2318; x_wconf 78' lang='grc'><strong>767.</strong></span> <span class='ocrx_word' id='word_1_317' title='bbox 1746 2275 2050 2318; x_wconf 77' lang='lat' dir='ltr'>constanter</span> <span class='ocrx_word' id='word_1_318' title='bbox 2083 2268 2293 2331; x_wconf 79' lang='lat' dir='ltr'>legatur</span> <span class='ocrx_word' id='word_1_319' title='bbox 2332 2267 2539 2330; x_wconf 79' lang='lat' dir='ltr'>Procas,</span> 
     </span>
     <span class='ocr_line' id='line_1_60' title="bbox 1465 2336 2529 2410; baseline -0.003 -16"><span class='ocrx_word' id='word_1_320' title='bbox 1465 2345 1605 2410; x_wconf 88' lang='lat' dir='ltr'>quod</span> <span class='ocrx_word' id='word_1_321' title='bbox 1628 2346 1785 2395; x_wconf 84' lang='lat' dir='ltr'>etiam</span> <span class='ocrx_word' id='word_1_322' title='bbox 1808 2336 2102 2409; x_wconf 78' lang='lat' dir='ltr'>oportebat,</span> <span class='ocrx_word' id='word_1_323' title='bbox 2123 2352 2180 2393; x_wconf 90' lang='lat' dir='ltr'>ut</span> <span class='ocrx_word' id='word_1_324' title='bbox 2198 2343 2397 2408; x_wconf 77' lang='lat' dir='ltr'>syllaba</span> <span class='ocrx_word' id='word_1_325' title='bbox 2410 2357 2529 2407; x_wconf 89' lang='lat' dir='ltr'>pro·</span> 
     </span>
    </p>

    <p class='ocr_par' dir='ltr' id='par_1_15' title="bbox 1464 2419 2526 2485">
     <span class='ocr_line' id='line_1_61' title="bbox 1464 2419 2526 2485; baseline -0.003 -14"><span class='ocrx_word' id='word_1_326' title='bbox 1464 2422 1766 2484; x_wconf 82' lang='lat' dir='ltr'>duceretur,</span> <span class='ocrx_word' id='word_1_327' title='bbox 1814 2437 1930 2485; x_wconf 76' lang='lat' dir='ltr'>quae</span> <span class='ocrx_word' id='word_1_328' title='bbox 1984 2429 2170 2472; x_wconf 87' lang='lat' dir='ltr'>natura</span> <span class='ocrx_word' id='word_1_329' title='bbox 2211 2435 2330 2470; x_wconf 87' lang='lat' dir='ltr'>sua·</span> <span class='ocrx_word' id='word_1_330' title='bbox 2352 2419 2526 2470; x_wconf 80' lang='lat' dir='ltr'>brevis</span> 
     </span>
    </p>

    <p class='ocr_par' dir='ltr' id='par_1_16' title="bbox 1465 2496 2529 2549">
     <span class='ocr_line' id='line_1_62' title="bbox 1465 2496 2529 2549; baseline -0.003 0"><span class='ocrx_word' id='word_1_331' title='bbox 1465 2507 1611 2549; x_wconf 86' lang='lat' dir='ltr'>erat:</span> <span class='ocrx_word' id='word_1_332' title='bbox 1645 2498 1739 2549; x_wconf 88' lang='lat' dir='ltr'>sed</span> <span class='ocrx_word' id='word_1_333' title='bbox 1771 2498 1884 2548; x_wconf 72' lang='lat' dir='ltr'>hoec</span> <span class='ocrx_word' id='word_1_334' title='bbox 1906 2499 2040 2549; x_wconf 87' lang='lat' dir='ltr'>ratio</span> <span class='ocrx_word' id='word_1_335' title='bbox 2062 2513 2166 2548; x_wconf 90' lang='lat' dir='ltr'>non</span> <span class='ocrx_word' id='word_1_336' title='bbox 2189 2496 2398 2546; x_wconf 75' lang='lat' dir='ltr'>maximi</span> <span class='ocrx_word' id='word_1_337' title='bbox 2422 2497 2529 2547; x_wconf 88' lang='lat' dir='ltr'>erit</span> 
     </span>
    </p>

    <p class='ocr_par' dir='ltr' id='par_1_17' title="bbox 1461 2573 2527 2636">
     <span class='ocr_line' id='line_1_63' title="bbox 1461 2573 2527 2636; baseline -0.004 -12"><span class='ocrx_word' id='word_1_338' title='bbox 1461 2576 1728 2636; x_wconf 87' lang='lat' dir='ltr'>momenti,</span> <span class='ocrx_word' id='word_1_339' title='bbox 1767 2589 1884 2624; x_wconf 90' lang='lat' dir='ltr'>cum</span> <span class='ocrx_word' id='word_1_340' title='bbox 1920 2574 2130 2624; x_wconf 84' lang='lat' dir='ltr'>brevem</span> <span class='ocrx_word' id='word_1_341' title='bbox 2162 2573 2393 2627; x_wconf 81' lang='lat' dir='ltr'>vocalem</span> <span class='ocrx_word' id='word_1_342' title='bbox 2415 2573 2527 2621; x_wconf 90' lang='lat' dir='ltr'>lon-</span> 
     </span>
    </p>

    <p class='ocr_par' dir='ltr' id='par_1_18' title="bbox 1462 2650 2556 2792">
     <span class='ocr_line' id='line_1_64' title="bbox 1464 2650 2556 2716; baseline -0.005 -14"><span class='ocrx_word' id='word_1_343' title='bbox 1464 2666 1583 2715; x_wconf 78' lang='lat' dir='ltr'>gam</span> <span class='ocrx_word' id='word_1_344' title='bbox 1616 2650 1840 2701; x_wconf 85' lang='lat' dir='ltr'>reddere</span> <span class='ocrx_word' id='word_1_345' title='bbox 1877 2651 2106 2716; x_wconf 91' lang='lat' dir='ltr'>potuerit</span> <span class='ocrx_word' id='word_1_346' title='bbox 2135 2650 2218 2699; x_wconf 79' lang='lat' dir='ltr'>vel</span> <span class='ocrx_word' id='word_1_347' title='bbox 2248 2663 2342 2714; x_wconf 90' lang='lat' dir='ltr'>per</span> <span class='ocrx_word' id='word_1_348' title='bbox 2364 2663 2556 2698; x_wconf 69' lang='lat' dir='ltr'>cassu·¹</span> 
     </span>
     <span class='ocr_line' id='line_1_65' title="bbox 1462 2727 2526 2792; baseline -0.005 -16"><span class='ocrx_word' id='word_1_349' title='bbox 1462 2741 1593 2792; x_wconf 86' lang='lat' dir='ltr'>ram,</span> <span class='ocrx_word' id='word_1_350' title='bbox 1631 2728 1712 2778; x_wconf 84' lang='lat' dir='ltr'>vel</span> <span class='ocrx_word' id='word_1_351' title='bbox 1753 2727 2058 2778; x_wconf 72' lang='lat' dir='ltr'>Graecorum</span> <span class='ocrx_word' id='word_1_352' title='bbox 2092 2734 2254 2787; x_wconf 84' lang='lat' dir='ltr'>more,</span> <span class='ocrx_word' id='word_1_353' title='bbox 2292 2738 2407 2775; x_wconf 88' lang='lat' dir='ltr'>cum</span> <span class='ocrx_word' id='word_1_354' title='bbox 2446 2738 2526 2771; x_wconf 91' lang='lat' dir='ltr'>se-</span> 
     </span>
    </p>

    <p class='ocr_par' dir='ltr' id='par_1_19' title="bbox 1463 2800 2526 2869">
     <span class='ocr_line' id='line_1_66' title="bbox 1463 2800 2526 2869; baseline -0.004 -16"><span class='ocrx_word' id='word_1_355' title='bbox 1463 2818 1625 2869; x_wconf 86' lang='lat' dir='ltr'>queus</span> <span class='ocrx_word' id='word_1_356' title='bbox 1668 2817 1790 2854; x_wconf 77' lang='lat' dir='ltr'>vox·</span> <span class='ocrx_word' id='word_1_357' title='bbox 1813 2817 1846 2853; x_wconf 82' lang='lat' dir='ltr'>a</span> <span class='ocrx_word' id='word_1_358' title='bbox 1877 2801 2079 2853; x_wconf 86' lang='lat' dir='ltr'>duabus</span> <span class='ocrx_word' id='word_1_359' title='bbox 2122 2800 2526 2853; x_wconf 71' lang='lat' dir='ltr'>consonantibus</span> 
     </span>
    </p>

    <p class='ocr_par' dir='ltr' id='par_1_20' title="bbox 1460 2877 2525 2944">
     <span class='ocr_line' id='line_1_67' title="bbox 1460 2877 2525 2944; baseline -0.004 -15"><span class='ocrx_word' id='word_1_360' title='bbox 1460 2879 1695 2944; x_wconf 86' lang='lat' dir='ltr'>incipiat.</span> <span class='ocrx_word' id='word_1_361' title='bbox 1762 2879 1919 2942; x_wconf 84' lang='lat' dir='ltr'>Apud</span> <span class='ocrx_word' id='word_1_362' title='bbox 1956 2878 2146 2929; x_wconf 85' lang='lat' dir='ltr'>Euseb.</span> <span class='ocrx_word' id='word_1_363' title='bbox 2168 2877 2358 2928; x_wconf 74' lang='lat' dir='ltr'>Cliton.</span> <span class='ocrx_word' id='word_1_364' title='bbox 2391 2890 2525 2925; x_wconf 81' lang='lat' dir='ltr'>anuo</span> 
     </span>
    </p>

    <p class='ocr_par' dir='ltr' id='par_1_21' title="bbox 1462 2955 2528 3014">
     <span class='ocr_line' id='line_1_68' title="bbox 1462 2955 2528 3014; baseline -0.004 -6"><span class='ocrx_word' id='word_1_365' title='bbox 1462 2963 1610 3008; x_wconf 82' lang='lat'>1198.</span> <span class='ocrx_word' id='word_1_366' title='bbox 1647 2972 1748 3008; x_wconf 89' lang='lat' dir='ltr'>nou</span> <span class='ocrx_word' id='word_1_367' title='bbox 1778 2958 1956 3014; x_wconf 82' lang='lat' dir='ltr'>Proca,</span> <span class='ocrx_word' id='word_1_368' title='bbox 1991 2957 2085 3007; x_wconf 87' lang='lat' dir='ltr'>sed</span> <span class='ocrx_word' id='word_1_369' title='bbox 2120 2957 2306 3006; x_wconf 79' lang='lat' dir='ltr'>Procas</span> <span class='ocrx_word' id='word_1_370' title='bbox 2340 2955 2528 3006; x_wconf 69' lang='lat' dir='ltr'>Silvius</span> 
     </span>
    </p>

    <p class='ocr_par' dir='ltr' id='par_1_22' title="bbox 1460 3031 2526 3099">
     <span class='ocr_line' id='line_1_69' title="bbox 1460 3031 2526 3099; baseline -0.006 -15"><span class='ocrx_word' id='word_1_371' title='bbox 1460 3035 1788 3099; x_wconf 82' lang='lat' dir='ltr'>exprimitur,</span> <span class='ocrx_word' id='word_1_372' title='bbox 1826 3040 1885 3082; x_wconf 88' lang='lat' dir='ltr'>ut</span> <span class='ocrx_word' id='word_1_373' title='bbox 1918 3033 2055 3098; x_wconf 87' lang='lat' dir='ltr'>apud</span> <span class='ocrx_word' id='word_1_374' title='bbox 2091 3034 2240 3082; x_wconf 80' lang='lat' dir='ltr'>Serv.</span> <span class='ocrx_word' id='word_1_375' title='bbox 2273 3031 2340 3081; x_wconf 79' lang='lat' dir='ltr'>ad</span> <span class='ocrx_word' id='word_1_376' title='bbox 2375 3031 2526 3094; x_wconf 77' lang='lat' dir='ltr'>Virg-</span> 
     </span>
    </p>

    <p class='ocr_par' dir='ltr' id='par_1_23' title="bbox 1450 3107 2522 3172">
     <span class='ocr_line' id='line_1_70' title="bbox 1450 3107 2522 3172; baseline -0.002 -12"><span class='ocrx_word' id='word_1_377' title='bbox 1450 3112 1579 3162; x_wconf 79' lang='lat' dir='ltr'>-AEn.</span> <span class='ocrx_word' id='word_1_378' title='bbox 1625 3125 1727 3161; x_wconf 85' lang='lat' dir='ltr'>vn.</span> <span class='ocrx_word' id='word_1_379' title='bbox 1776 3107 1893 3161; x_wconf 71' lang='grc'><strong>657.</strong></span> <span class='ocrx_word' id='word_1_380' title='bbox 1935 3117 1991 3159; x_wconf 91' lang='lat' dir='ltr'>et</span> <span class='ocrx_word' id='word_1_381' title='bbox 2030 3123 2114 3159; x_wconf 76' lang='lat' dir='ltr'>lx.</span> <span class='ocrx_word' id='word_1_382' title='bbox 2154 3112 2269 3158; x_wconf 78' lang='grc'><strong>387.</strong></span> <span class='ocrx_word' id='word_1_383' title='bbox 2332 3108 2522 3172; x_wconf 83' lang='lat' dir='ltr'>Neque</span> 
     </span>
    </p>

    <p class='ocr_par' dir='ltr' id='par_1_24' title="bbox 1460 3184 2519 3252">
     <span class='ocr_line' id='line_1_71' title="bbox 1460 3184 2519 3252; baseline -0.004 -16"><span class='ocrx_word' id='word_1_384' title='bbox 1460 3189 1569 3237; x_wconf 89' lang='lat' dir='ltr'>scio</span> <span class='ocrx_word' id='word_1_385' title='bbox 1591 3201 1693 3252; x_wconf 82' lang='lat' dir='ltr'>quo</span> <span class='ocrx_word' id='word_1_386' title='bbox 1705 3212 1710 3217; x_wconf 89' lang='lat'><em>·</em></span> <span class='ocrx_word' id='word_1_387' title='bbox 1714 3186 1838 3252; x_wconf 86' lang='lat' dir='ltr'>jure</span> <span class='ocrx_word' id='word_1_388' title='bbox 1860 3191 2145 3242; x_wconf 85' lang='lat' dir='ltr'>statuatur,</span> <span class='ocrx_word' id='word_1_389' title='bbox 2176 3185 2338 3234; x_wconf 71' lang='lat' dir='ltr'>Proca</span> <span class='ocrx_word' id='word_1_390' title='bbox 2355 3184 2519 3246; x_wconf 71' lang='lat' dir='ltr'>magis</span> 
     </span>
    </p>

    <p class='ocr_par' dir='ltr' id='par_1_25' title="bbox 1458 3261 2550 3405">
     <span class='ocr_line' id='line_1_72' title="bbox 1461 3261 2550 3317; baseline -0.005 -2"><span class='ocrx_word' id='word_1_391' title='bbox 1461 3279 1575 3315; x_wconf 85' lang='lat' dir='ltr'>esse</span> <span class='ocrx_word' id='word_1_392' title='bbox 1609 3279 1795 3315; x_wconf 87' lang='lat' dir='ltr'>nomen</span> <span class='ocrx_word' id='word_1_393' title='bbox 1818 3265 2060 3314; x_wconf 84' lang='lat' dir='ltr'>Latinum</span> <span class='ocrx_word' id='word_1_394' title='bbox 2094 3276 2185 3311; x_wconf 87' lang='lat' dir='ltr'>seu</span> <span class='ocrx_word' id='word_1_395' title='bbox 2210 3261 2550 3317; x_wconf 70' lang='lat' dir='ltr'>Romanum.-</span> 
     </span>
     <span class='ocr_line' id='line_1_73' title="bbox 1458 3337 2517 3405; baseline -0.004 -15"><span class='ocrx_word' id='word_1_396' title='bbox 1458 3355 1610 3405; x_wconf 84' lang='lat' dir='ltr'>quam</span> <span class='ocrx_word' id='word_1_397' title='bbox 1663 3341 1762 3389; x_wconf 84' lang='lat' dir='ltr'>elia</span> <span class='ocrx_word' id='word_1_398' title='bbox 1810 3342 2020 3389; x_wconf 74' lang='lat' dir='ltr'>nomine</span> <span class='ocrx_word' id='word_1_399' title='bbox 2072 3338 2282 3403; x_wconf 89' lang='lat' dir='ltr'>propria</span> <span class='ocrx_word' id='word_1_400' title='bbox 2335 3337 2517 3401; x_wconf 71' lang='lat' dir='ltr'>primae</span> 
     </span>
    </p>

    <p class='ocr_par' dir='ltr' id='par_1_26' title="bbox 1454 3415 2521 3481">
     <span class='ocr_line' id='line_1_74' title="bbox 1454 3415 2521 3481; baseline -0.003 -14"><span class='ocrx_word' id='word_1_401' title='bbox 1454 3415 1715 3479; x_wconf 82' lang='lat' dir='ltr'>flexionis,</span> <span class='ocrx_word' id='word_1_402' title='bbox 1751 3432 1867 3481; x_wconf 82' lang='lat' dir='ltr'>quae</span> <span class='ocrx_word' id='word_1_403' title='bbox 1905 3416 2093 3466; x_wconf 85' lang='lat' dir='ltr'>deinde</span> <span class='ocrx_word' id='word_1_404' title='bbox 2116 3431 2147 3466; x_wconf 78' lang='grc' dir='ltr'>ι</span> <span class='ocrx_word' id='word_1_405' title='bbox 2169 3415 2416 3465; x_wconf 77' lang='lat' dir='ltr'>Romanis</span> <span class='ocrx_word' id='word_1_406' title='bbox 2439 3429 2521 3464; x_wconf 88' lang='lat' dir='ltr'>re-</span> 
     </span>
    </p>

    <p class='ocr_par' dir='ltr' id='par_1_27' title="bbox 1455 3490 2519 3558">
     <span class='ocr_line' id='line_1_75' title="bbox 1455 3490 2519 3558; baseline -0.004 -16"><span class='ocrx_word' id='word_1_407' title='bbox 1455 3500 1642 3558; x_wconf 87' lang='lat' dir='ltr'>cepta·</span> <span class='ocrx_word' id='word_1_408' title='bbox 1673 3502 1895 3557; x_wconf 76' lang='lat' dir='ltr'>utraque</span> <span class='ocrx_word' id='word_1_409' title='bbox 1954 3492 2318 3543; x_wconf 71' lang='lat' dir='ltr'>terminatione</span> <span class='ocrx_word' id='word_1_410' title='bbox 2375 3490 2519 3539; x_wconf 85' lang='lat' dir='ltr'>inve-</span> 
     </span>
    </p>

    <p class='ocr_par' dir='ltr' id='par_1_28' title="bbox 1453 3569 2521 3621">
     <span class='ocr_line' id='line_1_76' title="bbox 1453 3569 2521 3621; baseline -0.003 -2"><span class='ocrx_word' id='word_1_411' title='bbox 1453 3572 1684 3621; x_wconf 83' lang='lat' dir='ltr'>niuntur.</span> <span class='ocrx_word' id='word_1_412' title='bbox 1770 3570 1971 3619; x_wconf 87' lang='lat' dir='ltr'>Horum</span> <span class='ocrx_word' id='word_1_413' title='bbox 2018 3569 2203 3618; x_wconf 87' lang='lat' dir='ltr'>seriem</span> <span class='ocrx_word' id='word_1_414' title='bbox 2248 3574 2521 3616; x_wconf 83' lang='lat' dir='ltr'>enumerat</span> 
     </span>
    </p>

    <p class='ocr_par' dir='ltr' id='par_1_29' title="bbox 1454 3646 2517 3712">
     <span class='ocr_line' id='line_1_77' title="bbox 1454 3646 2517 3712; baseline -0.004 -16"><span class='ocrx_word' id='word_1_415' title='bbox 1454 3647 1658 3712; x_wconf 77' lang='lat' dir='ltr'>Dausq.</span> <span class='ocrx_word' id='word_1_416' title='bbox 1692 3646 1745 3696; x_wconf 89' lang='lat' dir='ltr'>iu</span> <span class='ocrx_word' id='word_1_417' title='bbox 1776 3646 2027 3710; x_wconf 82' lang='lat' dir='ltr'>Orthogr.</span> <span class='ocrx_word' id='word_1_418' title='bbox 2058 3651 2197 3709; x_wconf 84' lang='lat' dir='ltr'>part.</span> <span class='ocrx_word' id='word_1_419' title='bbox 2220 3656 2261 3692; x_wconf 79' lang='grc' dir='ltr'>ι.</span> <span class='ocrx_word' id='word_1_420' title='bbox 2284 3656 2403 3707; x_wconf 71' lang='lat' dir='ltr'>pag.</span> <span class='ocrx_word' id='word_1_421' title='bbox 2432 3647 2517 3693; x_wconf 85' lang='grc'>59.</span> 
     </span>
    </p>

    <p class='ocr_par' dir='ltr' id='par_1_30' title="bbox 1451 3724 1629 3775">
     <span class='ocr_line' id='line_1_78' title="bbox 1451 3724 1629 3775; baseline 0.006 -1"><span class='ocrx_word' id='word_1_422' title='bbox 1451 3724 1629 3775; x_wconf 76' lang='lat' dir='ltr'>Arulz.</span> 
     </span>
    </p>

    <p class='ocr_par' dir='ltr' id='par_1_31' title="bbox 1443 3796 2544 4322">
     <span class='ocr_line' id='line_1_79' title="bbox 1520 3796 2516 3865; baseline -0.006 -15"><span class='ocrx_word' id='word_1_423' title='bbox 1520 3801 1738 3865; x_wconf 67' lang='lat' dir='ltr'>Ananis]</span> <span class='ocrx_word' id='word_1_424' title='bbox 1774 3800 1893 3850; x_wconf 87' lang='lat' dir='ltr'>Nou</span> <span class='ocrx_word' id='word_1_425' title='bbox 1920 3797 2157 3862; x_wconf 72' lang='lat' dir='ltr'>agnoscit</span> <span class='ocrx_word' id='word_1_426' title='bbox 2177 3796 2313 3846; x_wconf 82' lang='lat' dir='ltr'>banc</span> <span class='ocrx_word' id='word_1_427' title='bbox 2336 3807 2516 3845; x_wconf 84' lang='lat' dir='ltr'>vocem</span> 
     </span>
     <span class='ocr_line' id='line_1_80' title="bbox 1456 3871 2515 3927; baseline -0.005 -2"><span class='ocrx_word' id='word_1_428' title='bbox 1456 3877 1613 3927; x_wconf 79' lang='lat' dir='ltr'>Fran.</span> <span class='ocrx_word' id='word_1_429' title='bbox 1680 3877 1884 3925; x_wconf 81' lang='lat' dir='ltr'>Seneca</span> <span class='ocrx_word' id='word_1_430' title='bbox 1908 3881 2079 3924; x_wconf 85' lang='lat' dir='ltr'>tamen</span> <span class='ocrx_word' id='word_1_431' title='bbox 2108 3871 2269 3920; x_wconf 88' lang='lat' dir='ltr'>Herc.</span> <span class='ocrx_word' id='word_1_432' title='bbox 2291 3871 2412 3919; x_wconf 83' lang='lat' dir='ltr'>Fur.</span> <span class='ocrx_word' id='word_1_433' title='bbox 2438 3883 2515 3920; x_wconf 79' lang='lat' dir='ltr'>vs.</span> 
     </span>
     <span class='ocr_line' id='line_1_81' title="bbox 1454 3947 2544 4016; baseline -0.007 -14"><span class='ocrx_word' id='word_1_434' title='bbox 1454 3957 1572 4002; x_wconf 76' lang='lat'><strong>640.</strong></span> <span class='ocrx_word' id='word_1_435' title='bbox 1592 3957 1607 3982; x_wconf 82' lang='lat'>⁸</span> <span class='ocrx_word' id='word_1_436' title='bbox 1626 3953 1742 4003; x_wconf 87' lang='lat' dir='ltr'>Stat</span> <span class='ocrx_word' id='word_1_437' title='bbox 1767 3958 1957 4016; x_wconf 84' lang='lat' dir='ltr'>pontus</span> <span class='ocrx_word' id='word_1_438' title='bbox 1980 3949 2179 3998; x_wconf 83' lang='lat' dir='ltr'>vicibus</span> <span class='ocrx_word' id='word_1_439' title='bbox 2199 3947 2400 3996; x_wconf 78' lang='lat' dir='ltr'>mobilis</span> <span class='ocrx_word' id='word_1_440' title='bbox 2424 3960 2513 3995; x_wconf 77' lang='lat' dir='ltr'>su·</span> <span class='ocrx_word' id='word_1_441' title='bbox 2537 3968 2544 3977; x_wconf 94' lang='lat'><strong>·</strong></span> 
     </span>
     <span class='ocr_line' id='line_1_82' title="bbox 1454 4022 2516 4091; baseline -0.008 -11"><span class='ocrx_word' id='word_1_442' title='bbox 1454 4028 1606 4082; x_wconf 60' lang='lat' dir='ltr'>uuis?</span> <span class='ocrx_word' id='word_1_443' title='bbox 1670 4029 1725 4079; x_wconf 87' lang='lat' dir='ltr'>Si</span> <span class='ocrx_word' id='word_1_444' title='bbox 1750 4029 1833 4078; x_wconf 89' lang='lat' dir='ltr'>cui</span> <span class='ocrx_word' id='word_1_445' title='bbox 1853 4027 2090 4091; x_wconf 84' lang='lat' dir='ltr'>placeret</span> <span class='ocrx_word' id='word_1_446' title='bbox 2112 4023 2283 4073; x_wconf 78' lang='lat' dir='ltr'>annuis</span> <span class='ocrx_word' id='word_1_447' title='bbox 2302 4022 2516 4086; x_wconf 84' lang='lat' dir='ltr'>ejicere,</span> 
     </span>
     <span class='ocr_line' id='line_1_83' title="bbox 1453 4099 2512 4169; baseline -0.008 -12"><span class='ocrx_word' id='word_1_448' title='bbox 1453 4100 1632 4169; x_wconf 76' lang='lat' dir='ltr'>p&#39;osset</span> <span class='ocrx_word' id='word_1_449' title='bbox 1668 4105 1802 4154; x_wconf 83' lang='lat' dir='ltr'>hanc</span> <span class='ocrx_word' id='word_1_450' title='bbox 1845 4101 2086 4167; x_wconf 87' lang='lat' dir='ltr'>loquendi</span> <span class='ocrx_word' id='word_1_451' title='bbox 2124 4100 2376 4151; x_wconf 82' lang='lat' dir='ltr'>rationem</span> <span class='ocrx_word' id='word_1_452' title='bbox 2425 4099 2512 4149; x_wconf 83' lang='lat' dir='ltr'>fir·</span> 
     </span>
     <span class='ocr_line' id='line_1_84' title="bbox 1452 4177 2512 4242; baseline -0.008 -8"><span class='ocrx_word' id='word_1_453' title='bbox 1452 4198 1596 4234; x_wconf 87' lang='lat' dir='ltr'>mare</span> <span class='ocrx_word' id='word_1_454' title='bbox 1634 4197 1702 4232; x_wconf 82' lang='lat' dir='ltr'>ex</span> <span class='ocrx_word' id='word_1_455' title='bbox 1736 4182 1875 4234; x_wconf 84' lang='lat' dir='ltr'>Just.</span> <span class='ocrx_word' id='word_1_456' title='bbox 1910 4193 1973 4229; x_wconf 87' lang='lat' dir='ltr'>n.</span> <span class='ocrx_word' id='word_1_457' title='bbox 2005 4182 2056 4228; x_wconf 81' lang='grc'>4.</span> <span class='ocrx_word' id='word_1_458' title='bbox 2083 4180 2114 4242; x_wconf 84' lang='lat'>§</span> <span class='ocrx_word' id='word_1_459' title='bbox 2138 4180 2219 4226; x_wconf 73' lang='lat'>12.</span> <span class='ocrx_word' id='word_1_460' title='bbox 2248 4183 2263 4205; x_wconf 84' lang='lat'>‘</span> <span class='ocrx_word' id='word_1_461' title='bbox 2289 4177 2512 4225; x_wconf 79' lang='lat' dir='ltr'>Vicibus</span> 
     </span>
     <span class='ocr_line' id='line_1_85' title="bbox 1443 4254 2514 4322; baseline -0.002 -13"><span class='ocrx_word' id='word_1_462' title='bbox 1443 4261 1708 4322; x_wconf 68' lang='lat' dir='ltr'>‘gerebant</span> <span class='ocrx_word' id='word_1_463' title='bbox 1727 4260 1882 4315; x_wconf 87' lang='lat' dir='ltr'>bella,</span> <span class='ocrx_word' id='word_1_464' title='bbox 1898 4258 2020 4306; x_wconf 78' lang='lat' dir='ltr'>solae</span> <span class='ocrx_word' id='word_1_465' title='bbox 2040 4254 2286 4306; x_wconf 85' lang='lat' dir='ltr'>terminos</span> <span class='ocrx_word' id='word_1_466' title='bbox 2299 4255 2514 4307; x_wconf 74' lang='lat' dir='ltr'>alternis</span> 
     </span>
    </p>
   </div>
   <div class='ocr_carea' id='block_1_14' title="bbox 1449 4332 2116 4421">
    <p class='ocr_par' dir='ltr' id='par_1_32' title="bbox 1449 4332 2116 4421">
     <span class='ocr_line' id='line_1_86' title="bbox 1449 4332 2116 4421; baseline -0.006 -35"><span class='ocrx_word' id='word_1_467' title='bbox 1449 4333 1842 4388; x_wconf 52' lang='lat' dir='ltr'>deffendentes-’1</span> <span class='ocrx_word' id='word_1_468' title='bbox 1858 4332 2035 4384; x_wconf 73' lang='lat' dir='ltr'>Arutz.</span> <span class='ocrx_word' id='word_1_469' title='bbox 2099 4400 2116 4421; x_wconf 35' lang='grc' dir='ltr'><strong>ι</strong></span> 
     </span>
    </p>
   </div>
  </div>
 </body>
</html>
