3025 4934
535 411 666 478 566

529 572 667 624 ducti
685 571 936 622 hactenus
957 569 1180 619 lectum=
1216 569 1467 620 sincerior
1487 570 1594 618 lee-

537 649 633 709 tio‚
655 648 707 697 iss
728 647 931 696 insidias
952 645 1157 706 inducti,
1174 660 1324 710 quam
1355 645 1501 709 posui
1525 659 1594 694 ex

537 723 755 778 vetustis
810 722 965 772 codd.
1019 722 1363 785 depromtam.
1404 721 1594 771 Schott.

534 800 640 850 Per
659 800 754 849 ins.
771 800 956 848 seducti
976 797 1098 847 edd.
1118 798 1320 861 priscae.
1387 797 1451 847 In
1474 796 1592 846 insi·

534 876 642 926 dias
672 878 855 925 &ducti
894 875 1119 940 quinque
1158 872 1358 936 scripti.
1420 873 1593 922 Multo

535 953 719 1001 melius
742 950 1001 1015 est‚quod
1034 949 1211 999 intulit
1245 950 1490 999 Schottus
1524 964 1593 999 ex

536 1027 776 1090 vetustis,
792 1035 851 1077 ut
878 1026 1025 1085 dicit,
1046 1024 1198 1075 codd.
1239 1025 1417 1087 Nepos
1439 1024 1516 1073 sic
1539 1025 1592 1073 in

536 1102 729 1153 Annib.
746 1118 793 1153 c.
807 1108 857 1153 ⁵.
877 1104 893 1129 ‘
912 1104 1108 1152 lterum
1132 1101 1391 1150 consulem
1413 1100 1465 1148 in
1491 1101 1592 1150 Lu-

533 1181 680 1232 canis
728 1182 916 1230 absens
970 1181 1021 1229 in
1065 1178 1278 1228 insidias
1321 1177 1592 1228 inductum

536 1241 746 1307 sustulit
762 1256 797 1307 ε’
827 1265 882 1306 et
915 1256 1069 1306 Oros.
1104 1269 1182 1305 nr.
1206 1258 1286 1304 16.
1317 1262 1333 1284 ‘
1357 1254 1443 1304 Ab
1474 1255 1593 1304 bos-

534 1333 647 1395 pite
674 1348 768 1383 suo
792 1333 1001 1382 Lucano
1023 1332 1244 1397 quodam
1274 1331 1518 1381 inductus
1540 1332 1592 1380 in

533 1408 787 1458 insidias.'
855 1409 1059 1458 Leviori
1094 1414 1150 1458 et
1191 1409 1341 1471 longe
1372 1406 1593 1458 faciliori

534 1487 825 1537 mutatione
847 1502 948 1550 ego
969 1500 1087 1536 cum
1120 1486 1271 1536 Leid.
1291 1491 1342 1536 2.
1368 1488 1593 1551 praefero

533 1563 740 1614 deducti.
809 1561 915 1613 Int‘.
948 1564 1092 1625 Epit.
1126 1578 1173 1614 c.
1197 1566 1276 1613 43.
1309 1565 1404 1626 52.
1436 1570 1451 1592 ·
1475 1563 1594 1613 Illic

534 1652 565 1686 a
579 1636 845 1701 transfuga
858 1638 1076 1703 quodam
1097 1639 1148 1686 in
1164 1638 1373 1688 insidias
1397 1638 1594 1688 dedoc-

534 1718 656 1762 tus.’
715 1714 910 1766 Justin.
943 1728 1098 1764 xuv.
1129 1720 1181 1766 6.
1202 1717 1230 1779 §
1254 1718 1308 1766 4.
1338 1723 1353 1745 ⁴
1377 1713 1440 1763 In
1473 1715 1591 1764 insi-

535 1789 650 1839 dias
670 1789 925 1840 deductas
951 1790 1240 1842 occiditur.'
1275 1800 1328 1841 et
1358 1793 1510 1844 Oros.
1540 1807 1595 1844 v.

536 1869 616 1916 18.
661 1868 676 1895 ‘
702 1867 750 1917 A
785 1868 971 1917 Marsis
1010 1868 1268 1919 deductus
1300 1870 1351 1918 in
1383 1870 1594 1921 insidias

533 1955 650 1994 cum
675 1946 910 1995 exercitu
934 1945 1228 1995 trucidatus
1253 1944 1372 1996 est.’
1396 1946 1572 1998 Arm.

595 2021 623 2083 §
661 2024 693 2070 2
736 2021 975 2071 Romanos
1009 2024 1257 2086 docerent]
1293 2022 1595 2080 venustius,

530 2097 799 2159 magisque
823 2111 889 2146 ex
909 2113 1005 2147 usu
1029 2098 1414 2159 historicorum,
1442 2116 1595 2164 quam

531 2170 766 2220 Romanis
813 2172 1040 2236 dicerent,
1102 2175 1240 2236 quod
1290 2176 1594 2238 glossarium

530 2254 632 2295 est.
664 2247 907 2299 Schottus.
973 2252 990 2278 ⁴
1019 2251 1229 2302 Docere
1248 2249 1265 2274 ’
1282 2254 1495 2314 propris
1519 2254 1596 2303 di·

530 2331 743 2388 cuntur,
757 2327 845 2392 qui
867 2342 964 2390 per
984 2328 1185 2392 legatos
1210 2331 1292 2379 vel
1316 2331 1490 2382 literas
1505 2332 1594 2381 ali·

530 2404 653 2469 quid
676 2405 828 2454 alteri
852 2405 1107 2469 iudicant,
1136 2414 1196 2456 ut
1228 2408 1378 2457 simul
1410 2416 1594 2473 pateat

532 2492 646 2528 eam
670 2478 737 2529 ob
762 2495 995 2531 caussam
1028 2483 1157 2532 tales
1191 2483 1390 2546 legatos
1424 2487 1505 2536 vel
1539 2500 1592 2535 e-

527 2555 746 2619 pistolas
782 2570 898 2605 esse
941 2559 1137 2607 missos.
1204 2558 1362 2610 Corn.
1409 2562 1592 2625 Nepos

529 2632 662 2681 Dat.
697 2646 744 2681 c.
766 2637 818 2681 6.
838 2634 865 2696 §
886 2637 935 2683 3.
955 2639 970 2663 ‘
998 2634 1129 2683 Haec
1149 2634 1441 2699 Pandates‚
1465 2639 1590 2687 ami·

531 2722 622 2757 cus
656 2709 883 2765 Datami,
916 2711 1211 2774 perscripta
1243 2711 1293 2760 ei
1323 2713 1506 2772 mittit,
1538 2715 1590 2763 in

531 2784 718 2846 quibus
752 2784 910 2834 docet
931 2785 964 2834 :'
995 2792 1048 2835 et
1081 2786 1256 2838 Caesar
1287 2788 1422 2838 Bell.
1447 2789 1591 2839 Gall.

529 2874 585 2911 v.
613 2864 660 2911 1.
683 2863 712 2926 ξ
732 2866 782 2912 7.
803 2861 820 2888 ‘
844 2863 1071 2913 Pirustae
1117 2864 1320 2926 legatos
1348 2866 1412 2914 ad
1447 2867 1589 2916 illum

530 2939 770 3003 mittunt,
791 2939 878 3004 qui
901 2938 1166 2989 doceant.’
1227 2940 1332 2990 Sed
1360 2941 1590 2991 transfu-

533 3029 614 3079 επ
637 3028 739 3064 non
776 3028 889 3064 eam
926 3016 993 3065 ob
1026 3030 1258 3066 caussam
1292 3018 1593 3076 mittuntur,

530 3098 590 3141 ut
609 3091 816 3155 publice
839 3091 1034 3156 aliquid
1061 3092 1386 3150 annuntient,
1422 3103 1476 3144 et
1501 3110 1592 3158 pa·

529 3166 632 3215 lam
674 3166 1035 3230 profiteantur,
1065 3182 1177 3217 sese
1212 3169 1331 3219 ideo
1369 3172 1593 3232 venisse,

532 3251 594 3292 ut
634 3244 731 3293 hoc
767 3245 850 3293 vel
894 3244 1019 3294 illud
1056 3243 1347 3297 efficerent.
1414 3245 1592 3299 Quare

530 3332 635 3368 non
655 3320 975 3384 repudianda
997 3329 1078 3371 est
1102 3323 1327 3371 omnium
1350 3323 1506 3373 codd.
1538 3330 1595 3374 et

532 3399 654 3450 edd.
687 3399 948 3462 scriptura
977 3400 1205 3450 &manis
1233 3399 1463 3456 dicerent,
1494 3415 1594 3464 pro

533 3475 552 3503 ‘
575 3474 885 3537 narrarent‚’
927 3482 986 3525 ut
1017 3476 1185 3524 solent
1215 3473 1500 3538 transfugas
1528 3490 1593 3525 ea

531 3550 766 3600 indicare
791 3566 905 3614 quae
928 3551 980 3599 in
1018 3551 1126 3608 suis
1151 3551 1336 3599 castris
1352 3560 1593 3614 agantur.

535 3628 753 3678 Romano
776 3630 912 3678 solus
936 3629 1303 3677 Fran-scilicet
1319 3628 1592 3691 singularis

532 3716 631 3768 pro
670 3704 851 3766 plurali
896 3703 1153 3753 historicis
1192 3705 1347 3753 etiam
1383 3720 1482 3756 non
1517 3706 1593 3755 in·

534 3779 802 3845 frequens.
864 3779 970 3830 Sed
1016 3778 1144 3828 nibil
1182 3786 1354 3834 tamen
1391 3790 1594 3833 mutan.

535 3854 674 3906 dum.
709 3856 884 3906 Arutz.

598 3934 833 3998 Apulam]
866 3935 954 3984 Sic
991 3940 1187 3997 preter
1228 3935 1358 3986 Μαι.
1395 3937 1592 3987 Parisi-

534 4026 627 4062 nus
668 4014 758 4063 ille
793 4013 963 4061 codex
1006 4013 1297 4076 elegantius
1340 4030 1493 4080 quam
1539 4017 1594 4066 in

534 4090 756 4151 vulgatis
790 4090 845 4137 in
881 4088 1058 4152 Apulia
1070 4106 1093 4148 ,·
1124 4092 1261 4154 quod
1298 4099 1353 4140 et
1386 4092 1594 4141 aliunde

531 4167 896 4217 hicdelatnm.
938 4166 1185 4217 Sebottas.
1252 4168 1429 4217 Nostri
1471 4171 1596 4230 apud

534 4244 753 4293 Lamiam
795 4258 885 4291 seu
916 4242 1132 4293 Lamam.
1202 4243 1340 4294 Olim
1373 4244 1503 4294 editi
1542 4247 1596 4294 in

534 4317 731 4382 Apulia,
752 4318 887 4383 quod
911 4315 1126 4367 defendi
1149 4327 1325 4382 posset
1348 4334 1417 4369 ex
1445 4321 1593 4371 Livio

1226 426 1445 476 NOTAE
1493 423 1897 474 vammum
1954 424 2030 473 ΙΝ

1669 582 1751 618 tx.
1785 571 1850 618 2..
1919 567 2126 619 Schotti
2169 564 2608 629 emendationem,
2641 568 2731 618 do-

1668 658 1767 693 nec
1798 647 2051 694 certiores
2086 640 2390 693 obserantur
2424 643 2551 692 libb.
2582 657 2730 693 secu·

1668 728 1754 770 tus
1777 735 1912 781 sum,
1925 726 2000 781 et,
2023 726 2080 769 ut
2094 727 2242 783 puto,
2255 727 2420 780 recte,
2437 733 2549 768 eam
2571 721 2728 769 etiam

1667 801 1943 860 receperat
1965 795 2156 847 Cellar.
2175 794 2370 858 Geogr.
2386 807 2451 844 ιι.
2469 798 2519 844 9.
2543 808 2594 857 p.
2617 799 2731 845 663.

1668 873 1842 924 Aratz.

1732 950 1883 1001 Aliud
1904 951 2096 1013 longius
2121 954 2170 1000 et
2202 948 2379 1014 tutius]
2415 948 2640 1012 Propius
2662 948 2729 998 ad

1665 1027 1801 1078 bunc
1827 1029 2015 1088 locum,
2037 1027 2268 1092 quamvis
2292 1027 2344 1075 in
2378 1026 2477 1075 alia
2502 1039 2577 1081 re,
2601 1027 2731 1075 scri·

1659 1105 1746 1154 ,bit
1768 1105 1943 1155 Livius
1965 1118 2113 1154 xxu.
2132 1108 2196 1153 2.
2215 1104 2231 1130 ⁸
2258 1101 2429 1155 Quum
2450 1102 2590 1151 aliud
2616 1106 2730 1154 lou-

1667 1182 1801 1243 gius,
1821 1188 2052 1231 ceterum
2086 1180 2406 1232 commodius
2427 1179 2730 1230 ostendere·

1666 1264 1753 1309 tur
1770 1260 1889 1322 iter,
1908 1260 2203 1323 propiorem
2224 1258 2356 1307 viam
2374 1273 2471 1322 per
2488 1255 2728 1322 paludem

1668 1334 1841 1399 petit-⁹
1870 1334 2043 1384 Aratz.

1737 1413 1761 1476 ξ
1785 1416 1815 1462 3
1855 1410 2208 1461 Festinantibus
2221 1409 2383 1473 itaque
2402 1422 2510 1458 cum
2523 1408 2732 1458 insidias

1666 1488 1941 1554 statuisset]
1977 1489 2209 1552 Vulgata
2229 1502 2294 1537 ea
2316 1487 2472 1536 lectio
2493 1493 2593 1542 est,
2613 1500 2730 1550 quoe

1666 1563 1733 1612 ad
1780 1563 2029 1614 Pontium
2088 1562 2345 1613 referturz
2401 1577 2554 1627 quam
2611 1563 2730 1611 dum

1667 1639 1876 1704 quidam
1917 1640 2220 1704 impeditam
2276 1645 2333 1689 et
2374 1638 2731 1703 perturbatam

1668 1716 1980 1776 videret,sic
2006 1716 2329 1765 immutavit:
2366 1714 2730 1765 festinantibus

1665 1806 1772 1840 cum
1799 1793 2003 1856 insidias
2022 1793 2267 1842 statuisset
2293 1792 2497 1842 Pontias
2529 1794 2596 1841 ad
2627 1806 2733 1842 em

1666 1869 1819 1917 locam
1851 1870 1933 1936 qui
1975 1869 2197 1919 Furculoe
2243 1868 2474 1918 Caudinoe
2515 1877 2731 1928 vocatam

1665 1947 1886 2002 accitum,
1911 1948 1994 2009 ξε.
2060 1946 2328 1995 Praeclare
2361 1945 2489 1993 liber
2518 1945 2731 2008 optimae

1668 2029 1807 2071 notoe
1855 2022 2131 2071 Pulmanni
2174 2026 2231 2070 et
2275 2022 2522 2085 Sequani,
2565 2021 2730 2086 scrip-

1669 2103 1755 2145 tus
1793 2104 2033 2161 uterque,
2073 2096 2258 2160 quibus
2305 2097 2405 2147 loci
2449 2097 2733 2147 restitutio·

1668 2186 1787 2221 nem
1810 2180 2085 2236 acceptum
2111 2172 2300 2222 refero.
2354 2172 2417 2222 In
2442 2172 2732 2223 Mediolan.

1669 2254 1815 2299 carte
1869 2249 2230 2300 Festinantibas
2264 2248 2452 2305 abfuit,
2494 2250 2734 2312 legebat-

1671 2340 1771 2387 que
1793 2324 1962 2389 Itaque
1982 2340 2105 2375 eum.
2171 2326 2243 2375 Et
2275 2326 2393 2386 eligi
2413 2325 2549 2375 Msc.
2571 2324 2728 2374 habe·

1670 2400 1793 2463 bat3
1827 2414 1925 2470 ego
1946 2401 2093 2461 elegit
2114 2401 2319 2464 scripsi,
2352 2399 2488 2465 quod
2513 2408 2734 2464 propter

1669 2492 1849 2528 vocem
1883 2484 2186 2543 sequentem
2221 2476 2288 2526 ab
2322 2475 2503 2525 iisdem
2538 2476 2729 2526 litteris

1666 2554 1983 2613 inchoatam,
2004 2558 2046 2614 t,
2068 2553 2273 2601 literam
2287 2552 2524 2601 omissam
2549 2552 2734 2600 crede·

1668 2648 1808 2683 rema
1844 2633 1888 2682 si
1925 2632 2040 2696 quis
2086 2633 2303 2681 alteram
2350 2638 2585 2687 tueatur,
2625 2644 2732 2679 nou

1668 2710 1987 2774 repugnabo.
2055 2708 2264 2773 Ellipsis
2305 2708 2441 2757 enim
2488 2705 2734 2772 frequens

1666 2787 2006 2850 scriptoribus
2028 2786 2281 2851 antiquis3
2304 2785 2735 2850 intelligaturque

1662 2851 1902 2928 precipit,
1945 2869 2122 2925 monet,
2153 2874 2244 2913 aut
2285 2864 2450 2913 simile
2495 2864 2734 2923 verbnm.

1666 2940 1857 2991 Schote-
1912 2941 2114 2991 Schotti
2136 2940 2436 3001 lectionem,
2461 2954 2579 2989 cum
2604 2940 2735 2989 duo-

1666 3013 1763 3067 bus
1784 3016 1938 3066 codd.
1960 3015 2316 3072 confirmetur,
2345 3013 2601 3078 praeferre
2627 3016 2733 3065 vel·

1668 3095 1791 3151 lem,
1825 3099 1885 3143 ut
1918 3093 2193 3149 scribatur,
2228 3092 2500 3142 Festinatio
2544 3091 2737 3143 breuius

1643 3197 1648 3204 -
1667 3172 1824 3235 eligit.
1890 3170 2061 3232 Itaque
2081 3184 2186 3218 cum
2202 3168 2256 3218 iu
2273 3169 2474 3217 insidias
2494 3169 2737 3218 venissent

1669 3247 1796 3313 (qui,
1815 3250 1896 3311 ξε.
1929 3245 2268 3296 substantiva
2287 3245 2422 3293 enim
2447 3245 2569 3293 talia
2593 3259 2735 3308 saepe
2768 3286 2775 3293 .

1672 3332 1938 3389 ponuntur
1979 3336 2074 3386 pro
2114 3322 2241 3387 ipsis
2283 3321 2599 3383 hominibus,
2644 3322 2736 3386 qui

1671 3415 1754 3451 res
1787 3399 2096 3466 perficiunt;
2118 3399 2394 3460 festinatio,
2419 3414 2515 3462 pro
2546 3400 2563 3429 ‘
2589 3397 2737 3448 sesti.

1668 3474 1887 3526 nantes?
1953 3475 2207 3527 Quinctil.
2245 3475 2397 3525 Decl.
2429 3489 2483 3524 v.
2503 3480 2553 3525 6.
2602 3473 2622 3504 ‘
2645 3476 2734 3526 In-

1669 3555 1930 3619 sepultum
1963 3553 2236 3616 quodlibet
2257 3567 2446 3616 corpus
2469 3553 2611 3601 nulla
2631 3551 2733 3601 fes·

1667 3631 1855 3681 tinatio
1879 3637 1985 3680 tam
2010 3628 2195 3692 rapida
2231 3626 2587 3679 transcurrit.'
2648 3629 2734 3680 Li·

1669 3711 1782 3758 vius
1806 3721 1953 3759 xxu.
1974 3711 2057 3757 39.
2079 3713 2095 3737 ⁸
2117 3706 2308 3755 Omnia
2327 3720 2430 3755 non
2450 3709 2732 3768 pr'operan·

1670 3784 1710 3833 ti
1735 3785 1875 3835 clara
1893 3790 2142 3846 certaque
2166 3789 2339 3843 erunt,
2357 3779 2631 3830 festinatio
2656 3782 2732 3830 in-

1670 3860 1887 3923 provida
1907 3866 1988 3908 est
2010 3866 2066 3908 et
2098 3855 2274 3906 ceca?
2338 3857 2529 3921 Veget.
2563 3857 2630 3907 de
2657 3858 2731 3907 Re

1666 3937 1782 3987 Mil.
1817 3948 1907 3985 ιιι.
1927 3939 2010 3985 21.
2044 3936 2061 3962 ⁴
2087 3933 2158 3981 Et
2180 3946 2297 3981 cum
2332 3932 2446 3996 spei
2482 3932 2609 3981 nibil
2634 3939 2734 3996 est,

1666 4013 1823 4061 sumit
1867 4023 2011 4058 arma
2056 4007 2294 4056 formido.
2311 4004 2328 4026 '
2414 4007 2622 4057 Seneca
2666 4008 2730 4058 de

1665 4089 1862 4152 Tranq.
1885 4084 2060 4134 Animi
2083 4098 2133 4133 c.
2152 4088 2203 4133 3.
2226 4084 2339 4132 init.
2368 4085 2385 4112 ‘
2410 4083 2541 4146 Ejus
2578 4084 2730 4133 liber-

1668 4171 1830 4214 tatem
1885 4161 2104 4211 libertas
2159 4157 2261 4208 non
2320 4158 2475 4207 tulit.’
2544 4159 2734 4209 Horat.

1668 4240 1786 4290 Art.
1810 4235 1968 4287 Poet.
1990 4249 2068 4285 vs.
2087 4238 2202 4285 184.
2220 4237 2236 4263 ⁴
2258 4235 2390 4286 Quae
2414 4249 2534 4283 mox
2556 4244 2734 4286 narret

1669 4310 2213 4378 facundiafflraesensl
2278 4310 2458 4361 Livius
2491 4324 2623 4364 xw.
2654 4315 2734 4364 35-
