3025 4934
535 374 821 424 sumu..
855 373 1055 423 vm‘r.
1091 373 1319 424 vlnus
1366 375 1724 425 lanus‘rlt.
1771 379 1935 427 cAP.
1987 378 2198 427 val.

282 514 370 565 bus
391 516 502 580 lege
520 517 872 576 Fenestellam
892 517 959 568 <le
981 519 1330 569 mutuorum

280 592 667 656 magistratibus·
698 594 863 643 Mach-

337 672 416 733 §4
436 669 723 734 civitatum]
750 671 1049 733 Appianas:
1085 671 1102 700 ⁶
1128 672 1329 721 Drusus

279 746 354 800 vir
384 747 593 796 illustris
625 749 931 812 rogantibus
970 748 1124 798 Italis
1162 751 1330 813 legem

280 821 591 874 decivitate
638 826 740 873 illis
785 825 962 875 danda
1003 828 1228 876 laturum
1273 842 1331 877 se

277 901 617 967 'pi-omiserat?
650 905 816 953 Mach-

337 979 470 1028 Plebi
513 981 685 1044 agros]
744 987 759 1008 ‘
802 979 937 1029 Inde
981 981 1174 1043 populo
1212 980 1331 1031 sub-

279 1054 553 1118 blandiens,
578 1056 750 1119 plnres
774 1057 1000 1105 colonias
1025 1057 1078 1106 in
1098 1056 1257 1105 ltalia
1276 1063 1331 1105 at

277 1133 454 1190 Sicilia,
467 1149 585 1199 quae
596 1134 912 1197 jampridem
932 1136 1187 1194 decretae,
1200 1148 1331 1183 non-

278 1209 385 1258 dum
409 1217 586 1261 tamen
617 1210 846 1260 conditas
876 1216 1043 1273 erant,
1070 1210 1331 1262 deducere

277 1286 459 1337 suasit.'
490 1287 666 1337 Maris.

329 1363 360 1425 ς
385 1368 416 1412 5
447 1361 808 1426 Limnatis]
844 1362 930 1412 Ita
962 1377 1141 1413 omnes
1180 1365 1329 1423 editi,

273 1437 364 1486 nisi
376 1437 510 1501 quod
528 1439 757 1488 Pitiscus
773 1439 1032 1501 libertatis,
1050 1441 1176 1490 vitio
1192 1442 1328 1491 baud

273 1509 419 1562 dubio
434 1516 853 1581 typothetarum:
883 1524 1057 1565 tamen
1081 1521 1157 1566 ita
1179 1518 1328 1568 Leid.

274 1592 315 1638 2.
348 1597 398 1637 et
427 1590 585 1640 Fran.
611 1592 710 1641 nisi
734 1592 862 1641 velit
884 1594 999 1657 quis
1033 1593 1099 1642 de
1131 1595 1146 1621 ‘
1172 1594 1328 1643 liber·

273 1673 374 1713 tate
392 1666 664 1731 loquendi’
684 1669 921 1730 intelligi,
941 1669 1007 1719 de
1022 1685 1122 1735 qua
1142 1671 1327 1720 Cicero

272 1742 329 1789 ad
373 1744 512 1792 Fam.
555 1745 729 1808 Epist.
777 1758 857 1794 tx.
898 1750 981 1795 22.
1048 1747 1154 1795 Sed
1198 1746 1323 1795 illud

270 1817 377 1868 huic
418 1820 536 1870 loco
583 1821 750 1871 minus
789 1833 931 1872 esset
966 1822 1326 1873 adcommoda-

272 1902 389 1945 tum.
419 1897 598 1948 Arntz.

324 1974 516 2023 Praetaer
557 1975 722 2025 coelam
757 1980 807 2024 et
845 1972 1050 2037 coenam]
1085 1976 1189 2027 Qui
1228 1980 1323 2026 ter·

267 2064 362 2099 ran
394 2051 479 2101 hic
515 2052 797 2115 scripsere,
831 2051 1000 2101 dicam
1036 2052 1325 2109 audaciter,

267 2135 584 2178 venustatem
630 2128 878 2176 orationis
920 2142 1224 2189 corrupere,
1268 2136 1325 2178 et

268 2204 572 2265 glossemata
591 2203 879 2267 dederuut3
910 2205 1091 2267 legunt
1116 2206 1324 2268 quidam

262 2287 428 2341 preter
445 2282 616 2331 coelam
636 2285 685 2330 et
705 2282 876 2344 solam,
900 2281 1114 2329 rectius.
1139 2279 1325 2330 Seme.

269 2356 332 2405 Ee
368 2362 549 2407 terram
588 2355 813 2421 Agripp.
851 2357 1002 2422 pejus
1036 2356 1129 2405 bas
1171 2370 1324 2406 voces

267 2445 359 2482 non
390 2434 630 2497 agnoseit
658 2433 833 2483 Haun.
896 2432 1208 2483 Mutandum
1242 2441 1325 2485 est

269 2508 401 2569 nihil,
427 2524 551 2560 nam
582 2510 828 2559 usitatam
860 2523 977 2559 esse
1009 2510 1141 2559 lianc
1174 2524 1325 2573 paro·

267 2587 544 2636 nomasiam
565 2587 724 2636 docet
749 2585 1041 2651 Dausquius
1071 2586 1323 2650 Orthogr.

268 2667 385 2710 tom.
408 2675 471 2712 n.
494 2678 554 2726 p-
574 2663 659 2711 88.
689 2660 869 2711 Amtz.

322 2736 538 2802 Boccho]
556 2738 610 2788 Is
624 2738 869 2788 Sallustio
886 2745 1098 2789 auctore
1110 2736 1213 2790 fnit
1231 2754 1324 2789 rex

264 2811 608 2865 Mauritaniae.
632 2814 808 2864 Maeli.-

320 2891 615 2957 Eleplsanto]
652 2892 881 2955 Elephas
918 2898 976 2942 et
1013 2892 1322 2956 elephantus

263 2974 535 3035 utrumque
553 2971 873 3020 declinatur:
907 2971 973 3019 de
993 2985 1094 3035 quo
1114 2972 1326 3021 animali

159 3083 165 3092 .
264 3043 394 3095 Plin.
417 3048 669 3098 Natural.
706 3046 911 3096 Histor-
930 3046 1026 3096 lib.
1047 3059 1174 3097 vnt-
1204 3060 1326 3111 pet»-

264 3115 424 3185 quire.
455 3124 633 3173 Moab.

249 3190 256 3197 ’
321 3200 350 3262 §
373 3202 404 3249 ‘1
424 3195 774 3261 Adel-bn]
792 3197 1030 3262 Micipsae
1053 3198 1232 3262 filium,
1254 3198 1343 3249 de·

265 3289 364 3339 quo
379 3275 784 3341 Iugurthinum
806 3278 1045 3329 Sallustii
1074 3281 1288 3329 consule
1304 3294 1323 3342 ς

264 3349 459 3403 itenim
476 3355 616 3403 hunc
635 3360 690 3414 et
703 3354 986 3417 legitimos,
1009 3355 1323 3419 jugurtham

264 3441 380 3479 vero
394 3433 610 3481 nothum
635 3432 864 3495 reliquit.
897 3432 1064 3483 ΜαοΙι.

322 3508 351 3570 §
402 3511 436 3557 9
496 3508 717 3572 Comeli]
770 3508 1020 3572 Intelligo
1065 3508 1321 3571 Mete1103

263 3582 397 3633 salvo
418 3597 628 3647 semper
651 3584 853 3634 meliori
888 3582 978 3648 (nt
998 3584 1171 3649 aiunt)
1181 3585 1325 3648 judi·

264 3656 367 3708 cio..
409 3660 680 3710 Nimirum·
696 3659 898 3710 variant
919 3674 1062 3723 saepe
1086 3659 1325 3711 historici

262 3731 310 3780 in
330 3736 643 3796 nominibus,⁷
678 3736 779 3786 etsi
811 3736 864 3785 in
902 3750 957 3784 re
992 3738 1326 3788 conveniant.

266 3808 411 3860 Quod
458 3812 538 3861 bis
590 3811 837 3862 attribuit
882 3814 1077 3869 Druso,
1119 3812 1323 3862 Plinius

265 3884 501 3937 Natural.
546 3888 749 3937 Hister.
790 3887 883 3939 lib.
924 3901 1032 3938 vn.
1079 3902 1195 3951 cap.
1241 3892 1326 3940 44.

266 3960 322 4011 C.
359 3962 539 4013 Atinio
579 3963 810 4016 Labeoni
862 3964 1194 4014 transscribit
1244 3964 1325 4015 his

188 4076 192 4082 ,
266 4037 430 4088 verbis
450 4056 466 4089 z
500 4040 517 4069 ⁶
541 4039 609 4089 In
644 4039 758 4101 ipso
783 4046 956 4088 tamen
993 4038 1122 4090 flore
1146 4041 1325 4103 digna·

268 4113 414 4163 tionis
446 4130 553 4164 suae
588 4131 618 4163 a
656 4115 716 4163 C.
741 4115 925 4165 Atinio
953 4116 1213 4176 Labeone,
1242 4117 1327 4167 cui

268 4200 546 4253 cognomen
602 4190 702 4240 fuit
757 4193 1069 4250 Macerioni,
1114 4194 1325 4243 tribuno

267 4261 447 4331 plebis,
465 4283 617 4334 quem
632 4282 662 4318 e
677 4275 860 4320 senatu
874 4283 1057 4321 censor
1075 4270 1325 4335 ejecerat,

2332 364 2467 430 655

1405 528 1677 569 revortens
1712 533 1742 570 e
1784 534 1972 585 campo
2009 520 2293 571 meridiano
2331 528 2466 571 tern-

1406 611 1554 661 pore,
1574 611 1741 645 uacuo
1763 595 1875 647 foro
1898 607 1951 647 et
1975 598 2239 661 Capitolio
2259 597 2324 647 ad
2340 598 2467 647 Tar·

1406 674 1580 738 peium
1598 690 1629 723 a
1645 675 1888 725 damnato
1905 690 2018 738 suo,
2039 685 2238 738 raptus,
2260 684 2317 726 ut
2335 692 2469 739 prns-

1404 750 1745 813 cipitaretur.'
1809 752 1991 801 Paullo
2011 747 2247 807 inferius,
2276 752 2293 780 ⁴
2318 750 2473 802 bem

1404 824 1524 873 iude
1579 826 1733 874 etiam
1791 827 2113 876 conuentis
2138 841 2157 886 ;
2217 834 2468 892 tunquam

1405 917 1588 964 parum
1630 910 1793 958 esset.
1835 902 2065 953 faucium
2107 909 2253 953 certe
2301 904 2467 955 intor-

1404 988 1600 1035 tarum,
1639 982 1975 1045 expressique
2019 995 2115 1044 per
2159 994 2308 1029 aures
2348 996 2470 1031 san-

1403 1058 1575 1122 guinis
1596 1073 1751 1122 poena
1767 1066 1954 1108 exacta
1976 1057 2095 1107 est·'
2129 1059 2295 1108 Μυσὴ.
2341 1060 2469 1109 Plu·-

1401 1134 1529 1197 lippo
1552 1134 1731 1183 consuli
1754 1142 1837 1184 est
1871 1136 1924 1183 in
1948 1135 2078 1185 Μαι.
2100 1136 2286 1199 quibus
2314 1135 2357 1184 si
2383 1136 2467 1186 vel

1403 1210 1706 1260 Dominicus
1730 1211 2067 1272 Machameus,
2085 1212 2168 1260 vel
2192 1210 2465 1275 Philippus

1401 1285 1721 1336 Paneuerius
1740 1288 1815 1336 usi
1838 1284 2081 1342 fuissent,
2110 1301 2213 1336 nou
2249 1287 2323 1335 ita
2357 1294 2469 1337 tnr-

1400 1362 1541 1428 piter
1572 1362 1655 1413 bic
1692 1363 1999 1412 hallucinati
2033 1371 2225 1412 essent.
2294 1362 2467 1413 Fuere

1400 1438 1538 1487 enim
1563 1441 1819 1497 consules,
1842 1448 1900 1489 ut
1924 1447 2070 1502 puto,
2093 1454 2226 1489 auno
2250 1452 2468 1489 nczxu.

1402 1524 1519 1577 post
1551 1514 1618 1564 U.
1643 1516 1707 1565 C.
1746 1515 1803 1566 [ι.
1832 1515 2061 1563 Marcius
2097 1512 2370 1578 Philippus
2409 1522 2466 1563 et

1399 1589 1525 1640 Sex.
1542 1590 1714 1642 Julius
1735 1592 1930 1641 Caesar.
1967 1589 2152 1639 Schott.
2215 1590 2322 1640 Sed
2341 1590 2470 1640 Plu·-

1401 1665 1531 1729 lt'ppo
1576 1666 1728 1716 abest
1774 1668 1840 1716 ab
1895 1667 2130 1717 omnibus
2183 1667 2366 1730 script.
2412 1673 2471 1717 et

1402 1744 1557 1793 editt.
1593 1743 1657 1793 In
1675 1751 1975 1794 contextum
1994 1753 2269 1810 receperat
2284 1743 2489 1795 Senot-

1404 1827 1505 1868 tus.
1575 1819 1680 1868 Sed
1715 1821 1826 1883 ejus
1863 1819 1946 1868 ed.
1973 1820 2059 1869 hic
2092 1826 2148 1870 et
2175 1819 2301 1869 alibi
2323 1835 2466 1885 saepe

1402 1896 1525 1944 mihi
1585 1897 1792 1947 videtur
1845 1898 2126 1956 liberalior,
2173 1913 2326 1963 quam
2370 1913 2467 1962 par

1401 1980 1499 2023 est.
1568 1973 1659 2023 Ait
1700 1988 1752 2023 se
1789 1989 1908 2026 saxo
1955 1975 2153 2039 Tarpeio
2192 1976 2466 2038 proecifitu·

1399 2054 1565 2099 tarum
1597 2049 1763 2100 codex
1799 2052 2020 2103 d’Orvil.
2039 2052 2281 2115 neglecta
2305 2053 2467 2115 parti-

1400 2127 1521 2177 cula
1555 2129 1633 2190 de,
1675 2143 1827 2192 quam
1863 2129 1929 2178 ab
1964 2128 2262 2180 amanuensi
2293 2128 2465 2193 aliquo

1400 2202 1655 2254 inutiliter
1679 2204 2010 2268 interjectam
2035 2204 2197 2256 fuisse
2218 2204 2470 2269 suspicari

1401 2280 1545 2331 licet.
1610 2280 1786 2332 Aliter
1825 2282 1983 2331 Fran.
2013 2282 2105 2348 qui
2143 2281 2218 2331 ait
2251 2284 2310 2332 ds
2345 2297 2466 2332 saxo

1402 2357 1654 2419 praetulit.
1707 2358 1929 2408 Ovidius
1983 2359 2149 2421 Epist.
2201 2358 2330 2408 Her.
2372 2371 2467 2409 xv.

1404 2438 1518 2484 192.
1552 2436 1568 2462 ‘
1591 2436 1760 2487 Quam
1795 2443 2038 2500 poterant
2059 2435 2198 2484 saxis
2223 2436 2468 2499 precipi-

1401 2510 1563 2560 tanda
1599 2511 1750 2560 dari.'
1791 2511 1842 2560 in
1889 2510 2045 2560 Ibide
2084 2525 2161 2560 vs.
2195 2514 2312 2559 288.
2345 2515 2362 2539 ·
2385 2510 2467 2559 Tu

1400 2600 1607 2651 quoqne
1661 2601 1848 2638 saxoso
1911 2586 2244 2650 praecipitere
2296 2583 2468 2652 jugo-³

1400 2664 1519 2713 Val.
1544 2665 1805 2714 Maximus
1828 2678 1868 2714 1.
1888 2668 1937 2713 8.
1960 2678 2045 2715 ex.
2067 2670 2175 2712 ext.
2197 2667 2246 2713 8.
2277 2668 2294 2691 ‘
2311 2662 2466 2726 Ejus·

1402 2754 1501 2804 que
1516 2739 1668 2803 jussu
1690 2754 1836 2803 saxo,
1856 2739 1940 2791 cui
1963 2754 2153 2790 nomen
2170 2746 2284 2787 erat
2306 2738 2468 2802 Equi,

1401 2814 1798 2880 proecipitatus.'
1830 2829 1908 2866 vr.
1942 2820 1991 2864 5.
2027 2831 2111 2867 ex.
2139 2819 2193 2865 7.
2221 2817 2240 2846 ‘
2270 2815 2469 2865 Praei·-

1401 2891 1561 2954 pitari
1590 2892 1829 2955 protinus
1856 2892 2235 2956 mnTarpe‘sa
2253 2888 2473 2956 ,in-&27²

1399 2968 1480 3016 sie
1497 2975 1555 3016 et
1571 2968 1651 3016 ibi
1664 2969 1933 3033 antiqua·
1951 2969 2233 3019 lectio-era
2255 2966 2471 3017 reduxit

1398 3057 1678 3095 consensus
1699 3046 1832 3095 Mss.
1866 3045 2044 3096 Arutz.

1471 3121 1712 3184 Obtorsit]
1746 3121 1953 3171 Intersit
1978 3121 2213 3172 Gramm.
2244 3127 2301 3171 et
2332 3119 2467 3171 edit.

1398 3197 1621 3262 Agripp.
1664 3208 1721 3249 et
1763 3199 1898 3250 Ven.
1975 3199 2114 3250 Vide
2166 3199 2464 3250 Turnebum

1398 3274 1539 3325 Adv.
1565 3288 1775 3326 xxvxu.
1801 3280 1883 3326 84.
1916 3275 2090 3326 Aratz.

1470 3351 1724 3418 Effluet-et]
1750 3353 1871 3402 ,Pro
1886 3355 2095 3418 effluent
2113 3352 2291 3416 scripti
2311 3350 2466 3403 codd.

1399 3426 1742 3492 effunderetur.
1820 3428 1964 3479 Nihil
2016 3436 2192 3479 tamen
2235 3430 2481 3480 demuto..

1401 3504 1592 3555 δεήσει.
1619 3505 1747 3556 Not.
1767 3506 1901 3556 Min.
1974 3504 2284 3570 Effuderetur
2310 3507 2468 3555 Fran.

1403 3581 1589 3645 reliqui
1614 3582 1737 3632 nihil
1763 3583 1986 3643 variant,
2009 3584 2109 3633 uisi
2132 3585 2267 3648 quod
2290 3585 2350 3634 de
2380 3598 2470 3634 m·

1400 3657 1535 3706 ribus
1568 3659 1806 3709 scribant
1829 3659 2001 3709 Haun.
2023 3667 2078 3709 et
2102 3659 2252 3709 Leid.
2269 3664 2320 3710 2.
2386 3660 2465 3709 O·

1403 3734 1509 3784 vid.
1535 3735 1668 3785 Met.
1696 3749 1775 3785 vr.
1798 3735 1914 3785 669.
1948 3743 1963 3765 ‘
1983 3733 2171 3803 Neque
2205 3738 2373 3792 adhuc
2399 3733 2467 3788 de

1404 3818 1624 3874 pectore
1658 3811 1813 3861 caedis
1836 3810 2103 3862 Effluxere
2125 3812 2300 3866 uota?
2331 3812 2468 3864 Ara·

1403 3888 1604 3937 tzenius.
1968 3927 1973 3932 .

1467 3965 1627 4016 Morti
1647 3965 1755 4026 jam
1787 3965 1979 4024 detrudi
2003 3981 2054 4015 se
2087 3957 2296 4028 diceba]
2331 3965 2467 4015 Con-

1402 4051 1586 4091 sonant
1619 4042 1740 4093 huic
1774 4051 1831 4093 et
1865 4042 2109 4092 Pliniana
2138 4044 2250 4090 boec
2273 4042 2465 4092 verba:

1399 4124 1414 4147 ‘
1436 4129 1578 4181 aegre
1616 4120 1841 4174 tribuno,
1863 4119 1950 4184 qui
1980 4115 2354 4173 intercederet,
2385 4133 2468 4169 re·

1404 4203 1573 4257 perto,
1592 4210 1621 4243 a
1640 4195 1814 4244 limine
1837 4197 1952 4257 ipso
1974 4194 2154 4244 mortis
2176 4205 2464 4250 revocatus.

1403 4271 1575 4323 alieno
1612 4279 1790 4338 postea
1815 4272 1944 4323 vixit
1979 4270 2265 4324 beneficio-⁹
2297 4273 2465 4325 Mach-
