3025 4934
519 398 652 466 530

522 559 760 623 equitum
784 570 987 622 quoque
1013 555 1193 613 refert,
1232 556 1324 605 sed
1362 557 1437 606 Α.
1462 557 1589 607 Cor-

522 637 716 686 nelium
740 634 954 685 Cossum
979 635 1110 683 male
1134 633 1380 685 nominat.
1412 634 1588 684 Livius

518 713 684 761 etiam
702 711 795 761 lib.
815 724 898 760 ιν.
919 710 984 760 ad
1014 724 1201 760 aunum
1230 723 1487 762 ccxxvii.
1522 709 1588 760 A.

524 788 646 838 Cor.
669 788 830 837 Cosso
871 787 1073 847 tribuit,
1112 787 1192 835 Μ.
1230 786 1439 837 AEmilio
1472 785 1589 834 Mu-

520 864 755 914 merciuo
799 863 1066 911 dictatore.
1136 862 1272 911 Vide
1308 863 1367 912 C.
1409 863 1588 925 Sigon.

519 940 748 991 Emend-
791 953 856 990 ιι.
902 944 986 989 22.
1019 940 1209 989 Sekott.
1296 940 1589 990 Comment.

524 1016 593 1066 nd
618 1017 752 1065 Flor.
775 1030 817 1065 ι.
842 1020 920 1066 11.
943 1018 972 1080 §
997 1020 1044 1065 3.
1075 1017 1244 1064 Arnis-

520 1134 527 1141 .
591 1091 949 1157 Equisfrenos]
979 1093 1158 1142 Simile
1197 1091 1324 1142 illud
1365 1093 1590 1143 Caesaris

530 1169 668 1234 apud
692 1170 904 1218 Suetou.
929 1169 979 1216 in
1011 1167 1047 1217 J
1054 1168 1156 1219 ulio
1191 1182 1304 1232 cup.
1329 1172 1413 1218 60.
1446 1171 1463 1196 ‘
1483 1168 1592 1219 Qui

527 1244 743 1306 ancipiti
771 1243 955 1305 praelio
993 1256 1155 1305 equos
1178 1242 1498 1299 dimittebat,
1517 1251 1592 1291 et

525 1320 577 1369 in
606 1320 783 1383 primis
798 1334 965 1380 suum,
982 1333 1084 1382 quo
1102 1319 1269 1382 major
1288 1311 1592 1382 permanen-

524 1397 582 1444 di
602 1397 886 1461 necessitas
922 1397 1275 1458 imponeretur
1298 1396 1491 1455 nuxilio
1511 1395 1591 1445 fu·

524 1486 605 1537 gae
642 1471 874 1534 erepto.’
921 1471 1116 1521 Schott.
1223 1472 1382 1521 Haud
1429 1473 1592 1522 semel

526 1548 665 1597 bene
711 1549 960 1598 successit
995 1547 1253 1611 ejusmodi
1288 1546 1589 1598 mandatum

528 1623 698 1686 ducis,
720 1623 1151 1688 quemadmodum
1184 1639 1285 1673 non
1325 1638 1479 1687 perce
1513 1639 1590 1672 os-

531 1701 795 1751 tendimus
819 1700 885 1749 ud
925 1701 1060 1750 Livii
1106 1700 1292 1750 librum
1331 1707 1594 1761 octavum,

528 1779 705 1842 capite
729 1777 1016 1828 tricesimo.
1054 1778 1203 1826 Grut.

594 1856 623 1918 ς
649 1858 680 1902 3
723 1852 940 1916 Virtute]
971 1852 1235 1902 Candidos
1272 1851 1408 1900 enim
1432 1865 1592 1917 equos

530 1930 834 1980 Castoribus
849 1929 1091 1980 attribuit
1114 1927 1351 1977 fabulosa
1365 1929 1591 1992 antiqui·

531 2016 627 2058 tas.
696 2008 928 2058 Pacatus
939 2006 1140 2071 Paneg.
1158 2020 1206 2055 c.
1219 2007 1339 2069 39.§
1359 2008 1411 2054 4.
1432 2006 1448 2032 ‘
1465 2005 1593 2054 Cas·

533 2094 672 2134 toras
723 2085 955 2147 geminos
1014 2081 1306 2132 albentibus
1351 2081 1499 2145 equis
1538 2087 1593 2130 et

532 2161 756 2210 stellatis
780 2158 1018 2222 apicibus
1054 2157 1316 2221 insigues!
1350 2157 1527 2206 Arm.

595 2239 769 2287 AEdem
790 2235 1051 2298 dedicarit]
1086 2235 1189 2290 Ita,
1213 2235 1267 2283 ui
1288 2233 1464 2294 fallor,
1485 2249 1596 2283 om·

530 2314 654 2362 nino
698 2311 1000 2376 legendumt
1039 2318 1311 2361 exstructa
1334 2324 1459 2363 vero
1492 2309 1595 2359 fuit

528 2389 673 2437 vdes
718 2402 880 2451 super
922 2385 1054 2449 foro,
1090 2387 1181 2436 ubi
1222 2388 1332 2436 visa
1366 2393 1486 2439 sunt
1528 2388 1596 2436 si·

454 2514 459 2525 ,
532 2465 779 2526 mulacra,
818 2456 873 2512 et
906 2462 1058 2526 juta
1094 2477 1208 2511 earn
1254 2460 1369 2511 fons
1409 2448 1593 2511 sacer:

530 2540 614 2588 his
651 2539 764 2587 Diis
803 2539 1138 2587 Posthumius
1162 2538 1295 2589 filius
1325 2539 1598 2589 dictatoris

530 2628 643 2663 eam
661 2613 944 2664 dedicavit.
965 2614 1169 2664 Titulus
1186 2615 1596 2678 inscriptionem,

527 2692 800 2752 honorem,
822 2691 1043 2739 militem
1072 2705 1181 2739 rem
1220 2691 1483 2754 publicam
1503 2690 1595 2738 de-

529 2765 832 2815 fendentem
854 2765 1069 2816 iudicat.
1087 2767 1252 2815 Mach-
1316 2766 1464 2815 vidit
1480 2766 1596 2816 Ma·

528 2842 780 2905 chaneus,
795 2840 928 2891 vidit
954 2850 1007 2891 et
1032 2842 1388 2905 Lycostbeues
1412 2843 1596 2891 deesse

530 2918 753 2983 aliquid:
779 2931 872 2966 uos
895 2932 962 2967 ex
982 2917 1256 2982 Agrippin·
1270 2918 1386 2968 cod.
1404 2932 1597 2968 excuso

525 2993 809 3045 admodum
851 3001 1059 3043 vetusto
1081 2998 1230 3044 oedem
1261 2994 1596 3045 addidimus:
1639 3034 1654 3045 .

533 3079 627 3121 aut
676 3073 720 3121 si
760 3072 894 3120 Msc.
927 3085 1084 3120 nuum
1120 3072 1267 3136 sequi
1304 3071 1471 3127 lubet.
1504 3066 1595 3120 sd-

532 3142 702 3198 scribe
722 3161 835 3196 arus
857 3147 929 3197 eis
948 3182 963 3197 .
989 3179 1004 3194 .
1022 3179 1037 3194 .
1058 3161 1151 3210 per
1173 3160 1255 3196 me
1278 3146 1413 3196 enim
1441 3147 1595 3197 licetx

531 3228 589 3275 in
625 3224 740 3276 aliis
766 3239 901 3277 sane
945 3224 1094 3274 abest
1137 3225 1595 3288 supplementum:

531 3301 753 3352 forsitan
787 3316 890 3373 non
913 3302 1066 3351 niale.
1133 3300 1253 3350 Huc
1281 3303 1511 3364 pertinet
1538 3303 1598 3351 il-

532 3377 623 3427 lud
650 3377 701 3425 iu
717 3376 860 3428 Julio
884 3376 1124 3427 Suetonii
1157 3390 1205 3426 c.
1232 3381 1309 3426 10.
1347 3379 1361 3404 ⁸
1380 3377 1597 3425 Venati-

534 3467 662 3509 ‚oues
685 3450 936 3517 ludosque
957 3467 1073 3502 cum
1114 3453 1320 3516 collega
1352 3462 1409 3501 et
1441 3467 1596 3515 sepa-

532 3531 688 3580 ratim
711 3529 909 3580 edidit:
935 3544 1035 3595 quo
1046 3528 1247 3579 factum
1259 3536 1359 3591 est,
1374 3537 1433 3579 ut
1457 3545 1598 3579 com·

537 3607 768 3657 munium
826 3622 1032 3671 quoque
1071 3608 1420 3670 impensarum
1462 3607 1598 3669 solus

536 3685 762 3746 gratiam
817 3690 1065 3747 caperet3
1098 3696 1197 3732 nec
1251 3683 1598 3732 dissimularet

539 3761 742 3823 collega
760 3760 872 3824 ejus
894 3757 1205 3809 M.-Bibulus
1223 3758 1455 3808 evenisse
1479 3761 1596 3816 sibi,

538 3836 677 3900 quod
704 3836 924 3886 Polluci.
990 3836 1066 3884 Ut
1087 3835 1225 3884 enim
1258 3836 1472 3900 geminis
1493 3835 1600 3885 fra-

538 3913 707 3962 tribus
735 3911 875 3960 aedes
902 3911 956 3960 in
992 3908 1109 3959 foro
1143 3910 1449 3966 constituta,
1486 3919 1597 3961 tan·

542 3996 652 4037 tum
709 3988 936 4037 Castoris
980 3993 1305 4048 vocaretur3.
1324 3988 1398 4036 ita
1453 4004 1598 4037 suam

541 4065 870 4127 Caesarisque
892 4061 1293 4113 munificentiam
1313 4065 1459 4114 unius
1483 4065 1598 4114 Cae·

495 4162 499 4167 ·
539 4140 673 4188 saris
697 4138 836 4188 dici!
905 4138 1058 4189 Adde
1082 4147 1138 4189 et
1157 4140 1299 4192 Julio
1321 4147 1375 4189 et
1394 4142 1598 4192 Caesare

543 4217 687 4264 Coss.
725 4216 915 4281 aliquid
961 4226 1136 4266 actum
1176 4218 1333 4268 scribi
1373 4221 1599 4274 solitum,

536 4294 757 4369 tametsi.
791 4293 1043 4344 Bibulum
1074 4296 1328 4360 collegam
1369 4296 1601 4345 haberet.

1211 412 1432 462 No'rAE
1479 408 1894 463 vAmoRuM
1942 410 2024 461 IN

1663 555 1799 605 Vide
1823 554 2013 604 ibidem
2036 568 2082 603 c.
2099 557 2184 604 20.
2248 555 2328 604 De
2346 552 2612 605 Dioscuris
2633 568 2719 604 ve-

1665 647 1722 681 ro
1770 641 1921 695 parta
1947 631 2182 683 ‘victoria
2238 632 2609 696 apparentibus
2654 632 2718 680 ad

1665 709 1921 772 Regillum
1973 714 2151 757 narrat
2202 707 2254 755 in
2294 716 2449 769 gente
2504 707 2722 756 domitia

1664 782 2125 833 Ahenobarborum
2160 778 2504 847 Tranquillus·
2522 783 2575 831 in
2615 782 2720 831 Ne·-

1660 875 1790 911 rone
1812 876 1928 924 cap.
1951 865 1999 909 1.
2035 859 2331 925 ibidemque
2373 859 2630 909 Nummus
2660 861 2723 908 Τ.

1664 936 1846 987 Albini
1869 936 2006 1002 apud
2027 936 2576 987 Torrentium.Sclroit.
2632 937 2721 985 AE-

1663 1016 1769 1062 dem
1789 1014 2022 1064 hocloco
2050 1010 2363 1076 supplebant
2397 1020 2582 1061 contra
2617 1026 2726 1061 om·

1664 1104 1756 1141 nes
1775 1090 1981 1139 omnino
2004 1089 2157 1139 codd.
2183 1089 2279 1138 viri
2315 1088 2475 1150 docti,
2497 1088 2587 1137 sed
2624 1102 2721 1152 ego

1665 1167 1795 1215 hunc
1814 1180 1993 1216 vocem
2010 1180 2114 1215 non
2135 1178 2448 1229 magnopere
2470 1161 2726 1223 desidero,

1667 1256 1784 1294 cum
1808 1243 1967 1293 sciam
1993 1248 2140 1292 recte
2162 1232 2314 1291 dici·
2332 1241 2575 1290 dedicare
2596 1239 2609 1261 '
2631 1240 2724 1289 ali·

1667 1333 1836 1384 quem,
1875 1334 1970 1383 pro
2002 1319 2284 1369 ‘dedicare
2320 1317 2484 1366 oedem
2505 1314 2520 1336 ⁹
2553 1315 2726 1379 alicui,

1665 1402 1725 1444 et
1762 1401 1961 1443 statuas
1995 1394 2111 1443 Diis
2155 1394 2400 1456 erigere..
2438 1392 2625 1442 Cicero
2659 1392 2725 1441 de

1666 1470 1799 1521 Nat.
1851 1471 2021 1520 Deor.
2056 1480 2117 1520 n.
2156 1473 2241 1519 81.
2282 1467 2497 1528 ‘Fides‚
2544 1468 2724 1524 virtus,

1665 1545 1945 1596 concordis
1968 1553 2292 1595 consecratas
2313 1551 2368 1593 et
2402 1544 2614 1608 publice
2638 1545 2725 1593 de-

1663 1622 1857 1672 dicatae
1894 1621 2055 1673 sunt.’
2121 1621 2280 1671 Ovid.
2315 1621 2460 1671 Fust.
2496 1633 2575 1671 vr.
2609 1624 2725 1670 687.
2825 1642 2844 1649 ·

1667 1704 1682 1728 ⁶
1700 1700 1776 1750 Te
1823 1713 2028 1765 quoque
2072 1698 2365 1762 magnilica,
2416 1698 2729 1759 Concordia,

1654 1777 1886 1827 dedicat
1908 1775 2064 1827 aide)
2129 1776 2380 1828 Quamvis
2405 1782 2581 1825 autem
2617 1775 2730 1824 brec

1667 1853 1806 1903 aedes
1828 1852 2084 1903 communi
2107 1853 2262 1903 titulo
2286 1851 2525 1901 dedicata
2548 1848 2729 1912 fuerit,

1669 1931 1778 1979 solo
1809 1936 1985 1979 temen
2009 1929 2240 1979 Castoris
2261 1928 2467 1977 nomine
2489 1927 2731 1991 insignie-

1669 2008 1843 2056 batur.
1904 2007 2102 2056 Seneca
2122 2006 2188 2054 de
2213 2006 2391 2056 Consi.
2414 2004 2538 2067 Sap.
2574 2018 2623 2054 c.
2648 2006 2727 2052 18.

1668 2082 1685 2109 ‘
1703 2082 1805 2134 Qui
1830 2082 1894 2131 nd
1920 2081 2148 2131 Castoris
2171 2078 2539 2143 negotiantur?
2583 2080 2729 2129 Cice-

1672 2172 1732 2207 ro
1756 2172 1849 2221 pro
1873 2158 2069 2207 Milone
2088 2171 2135 2206 c.
2150 2159 2198 2205 7.
2222 2156 2467 2206 Graevius
2485 2154 2552 2203 sd
2575 2156 2729 2205 Orst.

1670 2249 1766 2300 pro
1788 2236 2009 2287 Quintio
2029 2249 2076 2285 c.
2095 2238 2148 2284 4.
2169 2242 2226 2284 et
2261 2234 2414 2283 Serv.
2439 2233 2504 2281 ud
2543 2233 2730 2296 virgil.

1670 2311 1875 2374 Georg.
1915 2325 2001 2367 ιιι.
2023 2315 2108 2360 89.
2165 2311 2355 2360 Castor
2392 2310 2531 2359 enim
2565 2310 2732 2372 digui-

1672 2396 1780 2438 tste
1798 2389 1943 2452 qussi
1970 2387 2325 2451 praecedebat,
2348 2386 2485 2436 unde
2509 2393 2731 2451 uterque

1672 2480 1773 2514 uno
1829 2466 2056 2514 nomine.
2090 2465 2327 2515 Castores
2380 2463 2731 2526 appellantur.

1642 2568 1646 2573 ⁷
1669 2541 1863 2591 Minue.
1891 2541 2037 2590 Felix
2056 2540 2247 2590 Octuv.
2270 2555 2390 2604 cap.
2410 2543 2493 2588 2⁷.
2526 2537 2728 2589 Arnob.
2796 2568 2802 2575 ·

1669 2616 1791 2666 adv.
1814 2616 2015 2666 Gentes
2038 2628 2076 2664 ι.
2097 2619 2181 2664 20.
2212 2615 2437 2664 Tertull.
2464 2615 2528 2662 de
2549 2614 2731 2677 Specta

1669 2705 1717 2740 e.
1743 2694 1793 2740 8.
1859 2692 1925 2740 In
1949 2689 2102 2740 Actis
2134 2690 2319 2753 Apost.
2356 2704 2404 2738 c.
2425 2701 2637 2741 xxvm.
2659 2680 2733 2736 ὃς.

1672 2770 1753 2817 11.
1774 2774 1789 2797 ‘
1808 2768 1907 2817 Cui
1930 2775 2045 2816 erat
2070 2766 2272 2829 insigne
2296 2766 2566 2815 Castorum
2582 2764 2618 2815 ι’
2654 2764 2731 2813 ita

1670 2845 1841 2892 versio
1873 2844 2113 2906 vulgat-3
2148 2845 2199 2891 iu
2229 2846 2381 2892 textu
2419 2841 2610 2892 Graeco
2641 2841 2731 2892 ha·

1670 2919 1859 2970 beutur
1879 2920 2175 2983 Διόσκουροι.
2207 2920 2384 2969 Arutz.

1737 2996 1875 3048 Cu».
1898 3009 2045 3045 xvu.
2091 2999 2170 3061 §1
2210 2995 2489 3059 Quinctius]
2523 2994 2733 3051 Quintus

1672 3075 1901 3138 quidam,
1936 3089 2040 3124 non
2087 3074 2270 3138 probo.
2340 3074 2448 3125 Cur
2492 3080 2667 3123 autem
2704 3088 2732 3121 c

1672 3152 1959 3201 addiderim
1976 3165 2047 3200 ex
2063 3152 2194 3200 Mss.
2210 3156 2515 3200 annotatum
2534 3149 2600 3197 ab
2622 3149 2731 3198 aliis

1673 3236 1773 3289 est,
1796 3229 1883 3292 qui
1906 3228 2026 3275 mibi
2055 3226 2331 3290 repetendi
2357 3226 2584 3275 laborem
2609 3223 2731 3274 ade·

1672 3311 1897 3354 meruut.
1929 3303 2119 3353 Schott.

1743 3379 2079 3443 Cincinnatus]
2116 3379 2306 3429 Diotus
2342 3393 2374 3427 e
2407 3377 2425 3405 ‘
2445 3376 2733 3439 cincinnis‚’

1673 3455 1725 3504 id
1749 3463 1850 3517 est,
1875 3469 1905 3503 a
1938 3454 2149 3518 prolixis
2183 3463 2240 3504 et
2271 3454 2480 3503 intortis
2513 3453 2733 3517 cupillis,

1673 3546 1801 3596 quos
1835 3530 2059 3581 ferebat.
2107 3531 2326 3580 Hieron.
2356 3532 2373 3557 ‘
2398 3529 2734 3579 Cincinnatu-

1672 3611 1751 3659 los
1779 3624 1988 3674 pueros‚
2013 3618 2066 3658 et
2087 3608 2542 3670 calamistratulos,
2564 3616 2619 3656 et
2643 3618 2733 3672 pef-

1675 3686 1880 3749 regrins
1933 3693 2205 3748 unguenta
2261 3684 2482 3748 olentes,
2526 3694 2735 3748 semper

1674 3760 1888 3811 devita?
1927 3761 2087 3811 Maeli.

1757 3835 2024 3899 Coesouem]
2070 3836 2291 3885 Veteres
2331 3848 2426 3899 per
2460 3835 2521 3883 K
2558 3849 2738 3885 vocem

1675 3918 1691 3940 ‘
1709 3911 1946 3962 Kaesouis
1961 3913 1974 3934 '
2002 3912 2266 3966 notabant,
2290 3919 2472 3975 estque
2494 3912 2543 3959 in
2569 3911 2739 3962 Fastis

1675 3987 1923 4054 frequens
1959 3989 2036 4037 -in
2067 4020 2075 4029 ·
2105 3988 2526 4051 proeuominibus.
2614 3988 2738 4037 Vidi

1677 4066 1817 4125 cod„
1841 4066 1892 4114 iu
1927 4080 2027 4128 quo
2054 4067 2307 4114 Censorem
2338 4064 2643 4126 legebatur:
2680 4071 2740 4114 ut

1677 4144 1730 4190 in
1766 4143 1987 4205 vulgatis
2018 4142 2284 4191 Ciceronis
2320 4141 2438 4189 edd.
2471 4142 2737 4191 Orationis

1680 4234 1773 4280 pro
1811 4220 1981 4267 Domo
2020 4232 2130 4280 sua,
2171 4216 2258 4267 ubi
2297 4217 2422 4266 Ant.
2463 4217 2738 4278 Augustiu.

1680 4295 1817 4359 apud
1836 4295 1982 4344 Fulv.
2007 4296 2181 4345 Ursiu.
2217 4295 2366 4342 Koeso
2388 4294 2467 4342 ille
2486 4293 2736 4349 Quinctius
