3025 4934
537 369 669 438 624

424 519 429 526 ²
536 535 792 591 eusstnm,
805 529 889 579 vel
907 527 974 579 ob
991 528 1185 580 crimen
1199 529 1598 580 condemnatum

536 621 567 655 a
590 605 909 662 censoribus,
926 606 1011 671 qni
1037 613 1235 656 tantum
1258 608 1362 656 levi
1381 608 1598 671 ignomi-

537 682 626 731 nis
658 694 750 730 seu
785 687 912 731 nota
955 682 1175 746 aliquem
1211 689 1453 746 poterant
1488 681 1595 732 affi-

537 771 677 808 cere.
734 758 810 806 Eo
849 757 1036 807 nomine
1079 759 1182 806 erit
1217 772 1311 821 pro
1345 763 1494 807 ‘eam
1529 759 1597 807 ob

535 832 808 883 caussam.'
875 834 1052 883 Caesar
1087 834 1224 883 Bell.
1259 835 1372 884 Civ.
1403 848 1493 883 111.
1514 837 1597 883 21.

535 910 565 973 §
587 913 638 959 4.
657 910 673 937 ‘
692 910 769 959 Eo
793 909 998 958 nomine
1022 920 1135 959 erat
1156 909 1467 959 damnatus.'
1510 910 1595 959 Li·

535 985 607 1035 vii
624 985 865 1050 Epit.lib.
884 998 1063 1036 xnvu.
1086 993 1101 1014 ‘
1118 985 1167 1035 A
1182 986 1456 1048 provinciis
1473 1001 1596 1035 ava·

533 1062 673 1111 ritiae
716 1062 921 1111 nomine
966 1061 1234 1112 accusati?
1289 1062 1406 1110 Val.
1445 1062 1593 1113 Max.

534 1151 661 1188 vm.
698 1143 749 1189 4.
783 1153 870 1188 ex.
900 1142 949 1188 1.
975 1139 992 1167 ‘
1015 1139 1093 1188 Eo
1131 1139 1337 1187 nomine
1371 1145 1541 1188 tortus
1564 1154 1598 1188 a

531 1214 738 1263 domino
755 1218 791 1263 ε’
812 1219 870 1262 et
886 1226 968 1262 ιι.
985 1218 1064 1263 15.
1089 1217 1117 1277 §
1138 1218 1185 1262 1.
1220 1221 1235 1242 ‘
1254 1214 1373 1265 Quo
1387 1215 1594 1265 nomine

522 1289 676 1352 jussu
696 1289 860 1353 patris
879 1297 1096 1339 necatus
1115 1291 1165 1339 in
1179 1288 1428 1340 carcere.’
1457 1291 1592 1340 Con·

529 1363 614 1413 fer
637 1378 760 1416 vm.
783 1369 831 1415 l.
851 1365 1024 1414 damn.
1047 1368 1097 1417 8.
1123 1373 1177 1416 et
1202 1366 1313 1415 abs.
1338 1371 1417 1415 13.
1444 1379 1523 1415 vs.
1542 1368 1593 1413 2.

530 1455 615 1491 ex.
635 1445 716 1491 11.
739 1443 974 1492 Εωιυεη.
994 1442 1058 1491 ad
1074 1443 1262 1506 Virgil-
1277 1442 1390 1493 AEu.
1406 1456 1446 1491 1.
1467 1446 1517 1491 8.
1537 1448 1594 1492 et

529 1518 738 1568 Manut-
772 1520 837 1568 ad
865 1518 1035 1568 Cicer.
1060 1519 1124 1567 ad
1158 1519 1304 1569 Fam.
1328 1520 1425 1583 Ep.
1446 1532 1514 1567 11.
1545 1522 1592 1570 1.

530 1596 684 1645 Nost.
704 1594 796 1645 inf.
817 1611 932 1659 cap.
956 1600 1037 1645 58.
1069 1595 1245 1646 Arm.

595 1674 732 1725 cn.
780 1688 852 1725 m.
885 1677 914 1740 §
955 1680 983 1725 1
1025 1674 1282 1739 Flaminii]
1334 1673 1591 1725 Omnibus

524 1748 639 1798 fere
663 1750 809 1807 locis,
831 1751 921 1800 ubi
939 1751 1285 1814 Flamininum,
1299 1764 1590 1815 cognomen

527 1825 743 1876 familiae
785 1827 1047 1879 Quinctiae
1084 1829 1443 1892 patriciorum,
1486 1828 1591 1890 legi

527 1904 824 1969 oportebat,
867 1906 1100 1956 occurrit
1137 1905 1448 1965 Flaminiam,
1498 1919 1592 1954 no·

523 1994 646 2029 men
692 1981 982 2044 plebeium3
1019 1982 1122 2033 vid.
1156 1983 1343 2033 Bosius
1378 1982 1443 2030 ad
1481 1982 1590 2032 Ne-

524 2062 639 2118 pot.
662 2056 840 2105 Hann.
860 2071 909 2107 c.
933 2061 1013 2108 12.
1038 2059 1068 2122 ξ
1094 2063 1136 2109 1.
1172 2058 1372 2108 Comm.
1396 2057 1462 2107 ad
1482 2057 1591 2107 En-

525 2138 667 2196 trop.
701 2146 779 2183 lv.
799 2136 851 2185 2.
894 2134 1099 2184 Duker.
1131 2133 1201 2184 ad
1234 2135 1372 2183 Flor.
1400 2145 1464 2184 ιι.
1488 2134 1588 2200 ⁷⁶&

526 2212 608 2259 10.
637 2219 693 2260 et
714 2211 930 2261 Torren.
954 2211 1020 2260 ad
1043 2212 1159 2260 Vsl.
1180 2211 1327 2261 Max.
1349 2223 1403 2262 V.
1426 2216 1476 2261 2.
1499 2225 1586 2261 ex.

523 2290 576 2335 6.
589 2293 646 2335 et
660 2286 726 2337 de
745 2286 931 2338 eodem
946 2302 1121 2338 errore
1136 2290 1290 2338 etiam
1301 2286 1482 2338 confer
1494 2288 1586 2337 Vi·

521 2362 664 2412 viani
683 2364 958 2427 epistolam
980 2364 1045 2413 ad
1064 2365 1294 2427 Lipsium
1313 2377 1587 2415 ccccxxx.

523 2439 653 2504 Syll.
687 2441 868 2491 Burm.
915 2449 1040 2492 tom.
1076 2456 1116 2492 ι.
1148 2447 1263 2492 460.
1329 2443 1435 2492 Sed
1469 2457 1585 2492 cum

522 2517 756 2567 omnibus
782 2518 882 2567 illis
905 2518 1032 2568 locis
1057 2519 1108 2567 in
1137 2519 1270 2568 Mss.
1299 2517 1413 2568 fere
1436 2532 1586 2582 repe-

523 2592 688 2642 rietur
717 2593 970 2657 Flaminii,
996 2608 1100 2644 non
1120 2593 1248 2643 adeo
1270 2596 1324 2644 in
1349 2595 1585 2644 librarios

521 2667 740 2733 injurius
762 2685 895 2733 sum,
915 2679 974 2720 ut
993 2683 1194 2735 semper
1215 2671 1315 2719 illis
1340 2672 1586 2732 tribuam,

522 2745 660 2808 quod
695 2746 793 2809 ipsi
824 2747 1105 2810 scriptores
1139 2761 1361 2810 peccare
1404 2754 1584 2808 potue·

521 2832 676 2873 runt:
716 2831 772 2875 et
806 2825 906 2874 hoc
937 2826 1053 2875 loco
1084 2840 1197 2875 sum
1222 2832 1432 2876 secutus
1461 2840 1584 2874 con·

518 2914 723 2950 sensum
749 2902 878 2950 Mss.
911 2909 969 2951 et
1000 2903 1386 2964 inpressorum:
1423 2911 1584 2965 atque

519 2978 598 3027 ita
618 2978 883 3041 scripsisse
907 2979 1071 3042 ipsum
1103 2979 1389 3042 Victorem,
1411 2987 1583 3042 patet,

519 3054 637 3117 qnia
678 3068 795 3104 eum
819 3055 1053 3105 Fluminis·
1091 3053 1253 3106 faciat
1291 3054 1490 3105 filium:
1537 3054 1581 3104 si

518 3131 654 3179 enim
698 3131 995 3182 Flauininus
1031 3133 1349 3194 scripsisset,
1383 3146 1486 3181 non
1527 3132 1581 3181 in

517 3223 636 3258 eum
681 3224 908 3260 errorem
943 3211 1172 3261 incidere
1209 3213 1482 3274 potuisset,
1521 3217 1584 3261 ut

518 3299 636 3334 cum
675 3286 906 3335 Flaminii
935 3285 1094 3336 filium
1119 3287 1337 3337 diceret.
1405 3286 1579 3351 Atque

516 3361 594 3410 ita
636 3362 917 3426 subscripsi
953 3361 1157 3426 judicio
1213 3363 1387 3425 Pighii
1442 3361 1583 3411 Anu.

517 3447 644 3489 tom.
668 3453 729 3489 n.
752 3455 802 3504 p.
824 3444 941 3490 249.
979 3447 1035 3489 et
1068 3441 1341 3504 Bongarsii
1365 3440 1433 3490 ad
1455 3441 1579 3493 Jus-

513 3516 610 3565 tin.
637 3529 775 3565 xxx.
795 3519 890 3579 ις
914 3520 964 3564 6.
997 3516 1170 3566 Arutz.

584 3592 807 3656 Campis]
839 3592 1083 3656 Reliqua,
1120 3593 1277 3643 solers
1307 3594 1490 3650 lector,
1522 3594 1574 3642 in

514 3669 626 3718 vita
656 3669 764 3718 Titi
799 3670 1071 3719 Flaminini
1091 3672 1333 3720 evolvere
1355 3671 1575 3734 poteris.

513 3745 681 3794 Maris.
749 3746 913 3795 Varie
937 3747 1183 3797 scribitur
1199 3748 1248 3796 in
1271 3748 1492 3812 antiquis
1514 3749 1575 3798 li·

512 3822 637 3871 bris.
698 3821 930 3887 Churopoe
947 3822 1074 3872 Mss.
1097 3823 1258 3885 prima
1276 3823 1577 3886 inflexione,

513 3898 602 3947 alii
649 3897 889 3961 ctam-opes
931 3907 987 3947 et
1034 3901 1215 3962 Corope
1235 3915 1258 3957 ‚·
1306 3899 1573 3963 Gryphius

516 3976 748 4039 Charopis
768 3991 886 4026 cum
909 3976 1108 4039 spiritu.
1156 3977 1431 4026 Assentior
1442 3977 1572 4024 Vas-

510 4067 719 4116 cosano,
758 4054 845 4118 qui
885 4053 1062 4115 Caroni
1097 4052 1310 4102 excudit
1342 4052 1575 4101 secunda

511 4130 880 4179 declinatione.
909 4130 1221 4198 Plutarchus
1232 4130 1371 4177 enim
1388 4129 1481 4190 sic,
1496 4130 1573 4177 ni-

511 4205 554 4253 si
580 4220 659 4254 me
683 4204 819 4255 fallit
841 4205 1103 4265 memoria,
1137 4204 1385 4268 appellat.
1452 4205 1571 4255 Nec

509 4280 697 4329 mirum
750 4281 803 4329 in
858 4280 1140 4344 peregrinis
1183 4279 1260 4331 ita
1302 4281 1576 4345 variatum,

1231 387 1452 437 NOTAE
1500 387 1602 436 VA
1615 387 1910 438 monum
1958 387 2041 438 m

1672 545 1786 581 eum
1814 532 1866 581 in
1903 529 2203 584 domesticis
2226 532 2284 581 et
2306 529 2551 583 Romanis
2573 528 2733 582 nomi-

1670 608 1818 658 nibus
1842 609 1917 658 its
1938 608 2056 658 libri
2080 615 2333 673 pugnent.
2368 609 2554 659 Scitote.
2609 608 2732 659 Clis-

1666 698 1796 745 ropoe
1839 684 2073 734 dedimus
2116 698 2182 733 ex
2224 685 2464 734 omnibus
2506 683 2734 747 scriptis,

1666 760 1794 809 edit.
1824 759 2041 823 Agripp.
2067 762 2200 811 Ven.
2214 770 2272 812 et
2292 761 2467 811 Mach.
2537 758 2736 822 Χάροπα

1669 837 1829 885 tertia
1869 836 2111 888 flectione
2147 852 2265 887 eum
2309 837 2545 900 appellat
2589 837 2734 886 Plnt.

1667 914 1832 963 Flam.
1873 927 1925 978 p.
1971 918 2086 964 8⁷0.
2131 915 2518 978 Romanus.
2555 912 2734 963 Livius

1667 1003 1857 1040 xxxn.
1879 995 1958 1041 11.
2027 991 2473 1042 'terminationem
2496 989 2734 1055 quamvis

1663 1077 1769 1116 non
1813 1067 2086 1117 admodum
2121 1082 2311 1123 morer,
2345 1067 2516 1115 malim
2558 1074 2735 1116 tamen

1664 1142 2074 1207 adspirationem
2112 1143 2360 1204 retinere,
2388 1156 2504 1192 cum
2538 1142 2612 1190 ita
2646 1154 2734 1189 ce-

1665 1220 1783 1270 teri.
1830 1220 1966 1270 Vide
1987 1220 2193 1270 Suidam
2219 1221 2271 1270 in
2294 1218 2489 1283 Χάρωψ.
2540 1218 2734 1268 Simili-

1665 1303 1750 1345 ter
1780 1298 1920 1346 inter
1952 1310 2104 1360 reges
2135 1295 2528 1346 Atheniensium
2561 1295 2734 1344 ‘Cha-

1664 1386 1787 1437 rops
1801 1373 1816 1395 '
1839 1380 2174 1435 memoratur,
2193 1373 2261 1421 de
2281 1387 2384 1437 quo
2406 1371 2645 1434 Scaliger
2665 1369 2732 1419 sd

1665 1447 1880 1498 Eusebii
1923 1448 2115 1499 Chrou.
2161 1448 2225 1497 sd
2286 1462 2407 1498 ann.
2453 1460 2735 1500 mccnxsv·

1665 1533 1680 1554 ‘
1696 1525 1929 1587 Charops
1950 1523 1965 1546 ’
1985 1525 2242 1589 Trojsnus
2266 1523 2402 1588 apud
2420 1523 2580 1573 Ovid.
2595 1523 2729 1572 Met.

1665 1614 1796 1651 xus.
1819 1605 1937 1652 260.
1996 1603 2066 1651 Et
2090 1602 2228 1651 inter
2252 1601 2468 1651 Graecos
2500 1601 2733 1650 occurrit

1664 1679 1858 1729 Nireus
1881 1680 1897 1707 ‘
1922 1677 2179 1742 Charopi'
2200 1678 2339 1727 filius
2353 1679 2570 1728 Homer.
2589 1677 2655 1727 Il.
2675 1683 2730 1726 B.

1667 1754 1719 1803 in
1742 1753 1911 1804 Catsl.
1928 1768 2005 1802 vs.
2031 1756 2144 1802 179.
2194 1753 2388 1817 Hygin.
2421 1751 2530 1806 fab.
2556 1764 2732 1803 xcvu.

1661 1837 1718 1880 et
1732 1830 1945 1879 Muuck.
1965 1828 2030 1879 ad
2048 1827 2203 1879 eund.
2223 1827 2330 1880 fab.
2344 1842 2541 1879 ceux.
2560 1829 2576 1856 ‘
2594 1827 2731 1877 (31η-

1663 1906 1903 1971 ropinus'
1942 1906 2084 1971 apud
2137 1906 2397 1956 Herodot.
2447 1919 2505 1955 v.
2549 1909 2633 1954 99.
2674 1913 2731 1955 et

1661 1986 1894 2038 Martini.
1930 1999 1987 2033 ν.
2021 1989 2102 2033 51.
2135 1983 2256 2033 Hac
2291 1983 2449 2046 igitur
2487 1983 2537 2030 in
2576 1987 2730 2044 parte

1662 2069 1872 2111 secutus
1893 2075 2003 2111 sum
2020 2059 2211 2110 Aldum
2229 2066 2558 2123 ceterosque.
2594 2056 2729 2107 Aras·

1662 2137 1862 2188 maius.
2513 2175 2517 2178 Α

1728 2215 1908 2265 Praelio
1938 2212 2101 2277 fudit]
2141 2213 2282 2264 Ante
2317 2227 2474 2263 annos
2509 2211 2729 2275 triginta

1662 2298 1814 2341 sexto
1852 2292 1939 2341 die
1983 2306 2162 2355 regem
2200 2291 2496 2353 Philippum
2539 2291 2727 2353 praelio

1659 2366 1816 2418 fudit.
1881 2368 2192 2419 Plutarchus
2229 2367 2434 2428 scribit,
2469 2366 2725 2430 siquidem

1661 2444 1960 2510 Philippus,
2013 2460 2128 2496 cum
2156 2495 2160 2504 ,
2187 2449 2397 2493 teneret
2456 2440 2726 2491 cacumina

1660 2520 1936 2584 phalange,
1976 2519 2206 2583 undique
2251 2518 2516 2568 missilium
2562 2525 2723 2581 atque

1658 2598 1965 2659 sagittarum
1989 2596 2176 2646 ictibus
2199 2596 2454 2645 Romanos
2471 2594 2721 2657 petebam
2759 2618 2770 2630 ι

1658 2673 1917 2723 accedunt
1940 2675 2076 2721 inter
2098 2680 2332 2736 pastores
2359 2670 2568 2735 quidam
2590 2668 2722 2718 indi-

1659 2763 1824 2811 gene,
1863 2749 1950 2814 qui
1983 2763 2076 2812 per
2098 2747 2344 2811 quosdam
2368 2747 2635 2809 neglectos
2657 2746 2722 2794 ab

1655 2823 1892 2873 hostibus
1939 2823 2218 2872 'anfractus
2266 2822 2558 2871 exercitum
2608 2835 2721 2871 sese

1658 2900 1907 2950 ducturos
1933 2909 1987 2949 et
2007 2899 2164 2962 tertio
2181 2899 2389 2948 demum
2405 2897 2493 2946 die
2513 2899 2564 2946 in
2585 2912 2720 2948 sum-

1656 2977 1753 3025 mis
1775 2977 2092 3026 constituere
2117 2975 2376 3024 montibus
2394 2975 2720 3037 pollicentur,

1653 3053 1778 3103 fidei
1832 3068 1959 3104 vero
2011 3053 2380 3116 cognitionem,
2419 3050 2719 3100 infirmatio·

1655 3144 1877 3194 nemque
1903 3130 2221 3193 proestitere.
2256 3127 2422 3177 Maeli.

1720 3208 1750 3271 ξ
1792 3212 1824 3255 2
1859 3206 2185 3270 Demetrium]
2236 3203 2584 3256 Plutarchus:
2632 3216 2719 3251 ve-

1655 3296 1766 3332 rum
1785 3283 1936 3333 Titus
1957 3296 2096 3344 euim,
2112 3295 2275 3346 regno
2292 3280 2620 3330 Macedoniae
2637 3293 2717 3327 re·

1653 3359 1862 3420 stituto,
1909 3373 1940 3408 a
1979 3357 2190 3407 Graeeia
2229 3358 2395 3420 jussit
2439 3356 2715 3411 abstinere,

1653 3435 1795 3484 mille
1819 3435 2029 3484 talentis
2054 3434 2233 3483 tributi
2257 3434 2482 3495 nomine,
2510 3441 2566 3482 et
2589 3447 2716 3495 prae·

1651 3521 1735 3562 ter
1787 3513 1970 3562 decem
2025 3525 2202 3572 naves,
2258 3511 2502 3560 universa
2553 3510 2715 3558 classe

1650 3590 1993 3640 mulctatum:
2039 3590 2260 3639 alterum
2292 3601 2358 3636 ex
2395 3587 2573 3635 liberis
2601 3585 2718 3649 ejus

1648 3667 1979 3716 Demetrium
2022 3678 2116 3729 pro
2170 3662 2353 3712 obside
2398 3670 2714 3726 susceptum,

1649 3745 1866 3794 Romam
1889 3741 2047 3791 misit.
2082 3740 2249 3789 Moch-

1716 3818 2004 3882 Multatsms]
2031 3817 2326 3867 Muletatam
2338 3814 2549 3866 codices
2569 3814 2714 3875 paul·

1649 3899 1701 3947 lo
1725 3897 2052 3946 vetustiores.
2117 3895 2196 3945 Tu
2230 3893 2400 3942 scribe
2427 3893 2713 3940 maleum:

1650 3989 1764 4038 quae
1799 3988 1920 4034 vox,
1957 3978 2017 4022 nt
2053 3969 2317 4035 plerasque
2347 3983 2482 4017 rarae
2518 3975 2574 4017 et
2608 3969 2711 4016 ele-

1648 4058 1851 4115 gantes,
1875 4065 1906 4099 a
1932 4049 2080 4100 bonis
2107 4049 2253 4097 libris
2285 4047 2538 4096 hactenus
2560 4059 2711 4095 exsu-

1649 4129 1756 4178 lat=
1782 4133 2066 4190 reponatur
2098 4132 2154 4174 et
2188 4126 2242 4174 in
2272 4125 2535 4186 integrum
2561 4122 2712 4171 resti·
2740 4168 2746 4177 ,

1648 4210 1845 4261 tuetur,
1867 4203 1920 4253 in
1942 4201 2215 4261 Terentio,
2240 4200 2513 4254 Cicerone.
2546 4196 2713 4258 Livio,

1649 4282 1880 4346 Nepote,
1902 4280 2209 4344 caeterisque
2233 4277 2300 4327 ab
2323 4276 2437 4325 aliis
2462 4274 2720 4341 reposita..
