3025 4934
603 399 913 451 Anum,-
948 399 1148 449 vtc'r.
1192 399 1290 449 DE
1333 398 1773 450 cAEsARmtJS
1819 400 1987 450 cAP.
2031 397 2176 451 XX.

325 539 477 592 Elias
518 540 841 606 Spartianus,
874 541 963 607 qul
996 542 1080 592 hic
1111 541 1246 592 adeo
1276 550 1366 596 ant

321 619 576 668 mutilatus
611 630 700 669 aut
736 626 1029 684 corruptus,
1074 628 1131 670 ut
1165 621 1361 686 absque

319 694 453 743 libris
477 697 738 746 veteribus
757 703 812 744 et
832 697 958 747 Mas.
983 697 1189 746 restitui
1213 710 1362 759 posse

319 770 615 834 desperem3
647 786 772 836 qnos
795 772 881 821 ubi
905 779 1086 821 nactus
1110 785 1218 835 ero,
1242 787 1362 822 auc·

318 852 449 895 tores
464 849 580 896 illos
602 849 727 897 licet
746 848 995 897 minorum
1014 848 1245 909 gentium
1272 863 1361 911 ag·

316 923 536 984 gradiar.
596 921 746 972 Infra
800 938 930 972 mens
972 926 1037 972 ud
1083 924 1363 974 credendum

313 998 441 1062 lege,
464 1014 565 1048 non
603 1005 772 1056 metus,
796 1000 919 1049 licet
942 1000 993 1049 in
1017 1001 1116 1050 Ms.
1151 1015 1359 1064 compa·

312 1083 406 1126 ret.
424 1075 611 1126 &tauta
663 1076 767 1125 Sed
788 1076 991 1126 similem
1013 1091 1136 1127 vera
1150 1085 1231 1126 est
1257 1078 1360 1128 lec·

313 1152 417 1212 tio;
450 1154 568 1203 talis
598 1167 786 1217 nempe
812 1152 1144 1216 parsimonia,
1163 1168 1279 1217 quae
1305 1160 1361 1204 et

312 1228 360 1277 in
376 1227 661 1278 Pertinace
684 1228 858 1279 fuerat
880 1230 1113 1292 culpata.
1158 1229 1244 1279 De
1267 1229 1352 1280 ad·

309 1304 555 1354 samtione
572 1306 717 1369 hujus
732 1305 949 1354 nominis
964 1305 1358 1374 videSpanbem.

307 1380 388 1431 De
424 1381 534 1430 Usu
575 1383 734 1432 Num.
779 1381 904 1433 dias.
944 1389 1052 1432 xu.
1089 1397 1209 1447 pag.
1239 1387 1355 1432 508.

307 1456 475 1507 Antis.

362 1536 472 1599 §11
520 1536 613 1585 Uti
657 1535 793 1585 bellis
822 1535 1061 1599 civilibus]
1097 1535 1184 1586 Ut.
1199 1534 1265 1584 de
1286 1536 1353 1587 Q.

304 1608 502 1670 Ligario
524 1611 605 1660 M.
617 1610 830 1660 Tullius.
856 1611 1039 1660 δώσει.

365 1688 591 1737 Condicio
622 1688 715 1737 toci
746 1689 810 1737 ud
835 1689 1059 1737 Albinum
1090 1685 1351 1749 detulerat]

301 1762 382 1812 Ita
400 1772 513 1814 ests
554 1778 696 1827 saepe
720 1762 855 1827 apud
881 1764 1034 1812 alium
1051 1777 1223 1812 sumus
1239 1777 1350 1813 cor·

300 1850 441 1900 pore,
463 1839 604 1903 apud
640 1840 796 1888 alium
828 1838 1026 1888 animo:
1063 1837 1350 1901 deprehen·

298 1927 378 1963 sus
432 1917 571 1966 euim
622 1915 808 1978 aliquis
856 1914 1096 1964 incendio
1147 1914 1351 1972 bellico,

296 1992 432 2055 quid,
468 2007 669 2058 quaeso,
705 1991 865 2041 faciat
900 1992 1056 2042 saluti
1086 2006 1194 2041 suae
1228 2006 1350 2042 con·

296 2070 603 2133 senientius,
643 2084 794 2132 quam
851 2076 909 2119 ut
962 2083 1054 2118 eas
1100 2079 1349 2133 sequatur

298 2153 484 2206 partes,
531 2146 674 2195 inter
717 2159 842 2208 quas
887 2144 1080 2192 versari
1111 2143 1348 2207 cogitur?

295 2220 510 2285 Egregie
535 2220 838 2270 Ammianus
859 2219 925 2268 de
946 2220 1143 2271 ,Iuliani
1168 2222 1347 2270 decre·

293 2305 342 2345 to
367 2309 484 2347 xxt.
504 2281 590 2347 23.
611 2296 649 2345 f.
671 2298 687 2326 ‘
705 2297 974 2360 Nigrinus,
992 2304 1048 2346 nt
1067 2298 1347 2347 acerrimus

293 2371 408 2422 belli
467 2373 761 2427 instinctor,
804 2380 1019 2420 exustus
1066 2377 1149 2421 est
1185 2375 1346 2422 vivus.

296 2447 539 2498 Romulus
562 2463 687 2497 vero
725 2457 842 2511 post
867 2463 982 2497 eum
1005 2456 1062 2497 et
1081 2447 1346 2498 Sabostius

290 2524 528 2584 curiales,
551 2524 920 2585 convicti,sine
939 2531 1182 2585 ,respectu
1208 2524 1343 2585 peri-

288 2600 402 2657 culi,
426 2599 604 2649 studia
622 2599 811 2648 sevisse
827 2598 1219 2653 discordiarum,
1236 2612 1342 2660 pm·

284 2676 383 2725 nali
432 2676 690 2725 consumti
740 2681 863 2724 sunt
917 2673 1089 2723 ferro:
1147 2674 1343 2724 residui

285 2765 460 2802 omnes
489 2753 733 2802 abierunt
759 2751 970 2812 innoxii,
1002 2766 1131 2815 quos
1155 2752 1207 2801 in
1228 2766 1341 2802 cer·

285 2833 531 2878 taminnm
570 2829 766 2892 rabiem
820 2829 1104 2878 necessitas
1144 2835 1340 2892 egerat,

221 2961 229 2968 ⁸
282 2918 378 2954 nou
406 2908 678 2957 voluntas:
716 2905 767 2955 id
791 2906 925 2955 enim
949 2907 1198 2969 oeqnitate
1215 2920 1338 2970 pen·

281 2991 392 3031 sata
407 2988 669 3032 statuerat
696 2983 958 3046 placabilis
974 2982 1261 3044 imperator
1280 2989 1339 3033 et

279 3057 548 3109 clemens.'
609 3060 802 3109 Verum
827 3074 920 3110 nos
941 3060 1009 3109 de
1031 3075 1091 3110 ea
1114 3062 1337 3111 necessi·

279 3142 384 3185 tate
418 3136 628 3186 abunde
672 3139 831 3186 multa
875 3138 1221 3201 congessimus
1266 3139 1333 3187 ad

277 3210 447 3262 Taciti
473 3212 663 3262 Annal.
685 3227 723 3263 t.
742 3220 826 3263 55.
849 3222 1101 3264 extremo.
1134 3216 1284 3265 Grut-

340 3289 488 3345 Quia,
501 3304 674 3352 quoeso,
692 3290 902 3352 faceres,
923 3290 968 3339 si
990 3295 1042 3340 tu
1063 3288 1210 3353 esses]
1227 3290 1332 3341 Te·

275 3366 472 3413 rentius
496 3364 548 3414 in
572 3363 735 3417 Andr.
758 3379 823 3414 n.
849 3369 897 3416 1.
930 3368 947 3396 ‘
971 3368 1049 3416 Tu
1072 3367 1115 3416 si
1138 3368 1221 3414 hic
1242 3368 1330 3431 sis,

276 3442 427 3490 aliter
464 3441 696 3499 sentias,’
731 3442 829 3491 nisi
859 3443 1068 3505 propius
1098 3441 1163 3491 ad
1201 3441 1329 3492 duc·

275 3524 379 3568 tum
399 3518 686 3568 litterarum
702 3519 865 3568 mavis
887 3519 1112 3568 scribere
1133 3518 1331 3569 inesses.

276 3593 456 3645 Arntz.

335 3673 363 3735 §
402 3676 463 3720 12
488 3671 592 3727 Qua
613 3670 741 3720 dieto
752 3669 982 3733 factoque
1014 3671 1180 3719 durius
1205 3672 1330 3720 nihil

274 3744 430 3796 bonis:
460 3763 566 3796 etam
593 3747 835 3810 sanctique
862 3746 1196 3811 laudassemdi,
1216 3747 1325 3811 Esca]

274 3820 606 3872 casaubonus
649 3829 844 3883 noster,
878 3822 1028 3873 nihil.-
1071 3838 1179 3872 eum
1216 3823 1326 3873 boni

269 3898 521 3962 sanctique,
540 3898 873 3960 hnjuxemodi,
895 3901 979 3961 ξε.
996 3898 1150 3947 Grut.
1216 3898 1323 3949 Sed

272 3972 349 4021 vit·
383 3974 617 4024 eruditus
657 3990 750 4024 suo
793 3975 926 4024 libro
969 3975 1323 4036 adscripserat

271 4053 420 4099 saneti
437 4053 627 4114 quique.
664 4051 800 4115 quod
840 4048 966 4099 ferri
1000 4056 1197 4111 potest,
1222 4049 1321 4099 nisi

273 4127 443 4176 malles
466 4142 663 4191 quoque,
685 4126 751 4177 de
773 4142 876 4191 qua
908 4126 1163 4176 varietate
1188 4126 1319 4176 vidi-

272 4213 379 4250 mus
402 4203 463 4251 ad
486 4204 597 4253 Vir.
622 4203 707 4252 111.
742 4218 789 4252 c.
811 4206 895 4253 42.
955 4203 1056 4251 Sed
1080 4210 1319 4252 neutrum

273 4289 473 4329 necesse
506 4290 609 4342 est,
652 4281 695 4329 si
732 4295 822 4344 que
864 4292 1177 4343 exponamus
1224 4292 1318 4342 per

271 4353 536 4423 ‘quoque‚'
570 4358 645 4408 uti
666 4372 825 4422 supra
862 4357 993 4410 banc
1015 4355 1314 4422 significati-

2366 387 2498 454 ⁷27

1440 557 1591 594 onem
1612 544 1863 609 exemplis
1893 545 2150 595 iilustrare
2174 545 2336 597 voluit
2357 546 2497 596 Gru·

1440 625 1583 668 terns
1605 619 1667 667 ad
1695 621 1884 670 Caesar.
1905 635 1951 670 c.
1973 625 2023 670 8.
2043 620 2130 669 fin.
2151 620 2326 672 Aratz.

1502 696 1777 747 Studiosias
1801 697 1996 761 eoeptos]
2033 699 2119 748 Ita
2143 706 2248 748 vet.
2269 699 2360 749 lib.
2392 699 2494 751 Re·

1436 772 1600 823 stitue
1628 775 1786 823 studio
1815 780 2056 838 susceptas
2090 774 2310 836 fortuna
2343 778 2494 828 inere-

1431 856 1546 913 pent
1559 866 1580 907 ‚⁰
1612 851 1665 900 id
1688 859 1789 913 est,
1809 857 1826 880 ‘
1845 850 2138 914 imputent.'
2157 850 2345 902 Schott.

1500 926 1759 990 Magisque
1798 926 1853 975 iu
1892 927 2209 990 protegendis,
2257 942 2399 991 quam
2429 932 2495 980 od

1430 1004 1717 1065 perdendus·
1737 1003 1881 1064 cives,
1900 1018 2063 1053 verum
2089 1004 2327 1067 corrumpi
2362 1006 2495 1069 pati·

1432 1077 1601 1141 unm]
1637 1079 1779 1142 Ergo
1821 1092 1921 1128 nec
1962 1077 2266 1140 bonisunt,
2301 1080 2492 1134 nedum

1433 1153 1821 1218 saucti,quibus
1840 1153 1943 1204 alia
1962 1154 2134 1204 omnia
2151 1154 2359 1218 placent
2383 1173 2398 1206 ι
2435 1167 2492 1209 at

1433 1239 1637 1279 eertum
1679 1237 1762 1280 est
1796 1244 1898 1280 non
1930 1245 2080 1291 esse3
2116 1232 2191 1281 uti
2223 1233 2493 1284 luculenta

1431 1306 1658 1357 diatriba
1679 1308 1884 1357 ostendi
1907 1308 2045 1370 apud
2070 1309 2272 1358 Livium
2295 1323 2490 1361 xxxrt.

1430 1387 1513 1433 22.
1539 1385 1654 1446 ipso
1677 1383 1814 1445 fine;
1855 1385 2127 1449 alteraque
2161 1398 2303 1434 xutt.
2325 1391 2406 1436 29.
2435 1403 2489 1450 p.

1427 1460 1520 1509 sed
1559 1469 1615 1508 et
1652 1460 1871 1509 eandem
1911 1462 2210 1524 aequitatem
2259 1476 2490 1526 propug-

1429 1538 1661 1586 navimus
1703 1537 1910 1587 abunde
1933 1536 1999 1586 ad
2033 1537 2157 1587 iilud
2195 1539 2364 1588 Taciti
2403 1552 2491 1590 ιιι.

1425 1617 1508 1663 69.
1556 1629 1624 1663 tn.
1665 1621 1681 1645 ⁴
1706 1614 1989 1663 subierunt
2027 1614 2285 1663 obsidium
2330 1616 2487 1666 etiam

1425 1687 1682 1751 foemiuae;
1729 1691 1868 1739 iuter
1888 1693 2015 1754 quas
2035 1690 2257 1739 maxime
2277 1690 2490 1754 insignis

1426 1764 1693 1814 Verulana
1707 1763 1955 1825 Gracilis,
1977 1779 2146 1829 neque
2166 1765 2375 1821 liberos,
2398 1780 2489 1814 ne·

1426 1855 1530 1903 que
1562 1841 1896 1906 propinquos,
1919 1838 2012 1890 sed
2048 1839 2238 1890 bellum
2272 1842 2490 1893 secuta.'

1428 1916 1579 1967 Grut-

1488 1993 1517 2055 §
1541 1994 1603 2041 18
1634 1991 1836 2042 Animos
1864 1990 2190 2054 intelligebat]
2224 1992 2337 2055 Ego
2367 1994 2485 2043 loco

1422 2067 1790 2118 subveniebam
1831 2068 2032 2131 syllaba
2069 2067 2272 2130 addita,
2295 2070 2483 2119 animu-

1420 2150 1496 2193 τοο
1549 2144 1843 2205 intelligebat
1863 2160 1886 2203 ,-
1935 2151 2026 2194 aut
2070 2143 2202 2193 adeo
2243 2145 2484 2196 animosos

1419 2218 2029 2280 intelligebat-Gruterus.
2109 2218 2230 2269 Non
2269 2220 2472 2282 repudi-

1419 2311 1559 2347 arem
1606 2309 1864 2358 reponere
1910 2310 1977 2345 ex
2022 2295 2355 2345 similitudine
2391 2312 2480 2348 vo.

1417 2374 1509 2430 cis,
1553 2373 1640 2434 agi
1680 2372 1864 2421 animos
1901 2386 1995 2434 pro
2027 2373 2223 2422 animos
2258 2374 2481 2435 incitari,

1420 2450 1619 2512 inpelli.
1656 2448 1842 2498 Senec.
1882 2448 2046 2498 Herc.
2086 2449 2209 2498 Fur.
2241 2464 2316 2498 vs.
2355 2443 2477 2503 2106.

1418 2525 1435 2553 ‘
1452 2523 1558 2574 Sed
1584 2522 1672 2572 ille
1698 2536 1855 2583 regno
1880 2537 1974 2587 pro
2000 2536 2111 2578 suo,
2129 2537 2218 2572 nos
2257 2523 2478 2588 inproba

1418 2600 1679 2662 Cupidine
1722 2596 1866 2648 acti.’
1939 2598 2154 2661 Hippoi.
2193 2613 2325 2648 vers.
2361 2604 2479 2651 ⁵41.

1416 2677 1433 2705 ‘
1452 2689 1669 2740 quaeque
1693 2688 1971 2726 succensas
1996 2675 2104 2737 agit
2130 2674 2316 2725 Libido
2330 2690 2474 2725 men·

1418 2752 1532 2803 tes.’
1598 2752 1708 2801 Cic.
1742 2751 1810 2800 de
1847 2750 2034 2800 Senec.
2056 2764 2172 2816 cap.
2195 2755 2280 2801 21.
2308 2752 2324 2778 ‘
2342 2752 2473 2802 Cum

1414 2842 1622 2891 semper
1658 2828 1888 2888 agitetur
1922 2824 2155 2878 unimus-⁹
2214 2827 2392 2877 Burm.
2417 2834 2474 2876 et

1413 2902 1602 2955 Scheff·
1624 2905 1689 2954 ad
1723 2903 2003 2954 Phaedrum
2028 2901 2158 2952 Fab.
2189 2916 2266 2952 lv.
2292 2907 2373 2954 12.
2396 2918 2471 2952 vs.

1412 2986 1463 3031 8.
1494 2979 1673 3030 Arme.

1476 3059 1505 3120 ς
1545 3059 1609 3105 14
1667 3055 1819 3104 Nullo
1856 3067 2111 3115 conpensu
2148 3053 2245 3102 nisi
2295 3052 2470 3117 vietor]

1409 3134 1554 3184 Male
1588 3133 1686 3182 hoc
1721 3133 1836 3182 loco
1872 3131 2036 3180 edunt
2069 3132 2321 3181 decesserit
2341 3147 2466 3182 non·

1408 3209 1553 3258 nulli.
1617 3208 1751 3257 Vide
1788 3205 2018 3260 Cortium
2056 3205 2121 3254 ad
2154 3205 2277 3257 Sall.
2315 3206 2468 3276 Catil,

1406 3297 1525 3347 cap.
1540 3285 1669 3347 49.§
1691 3286 1741 3333 2.
1763 3290 1817 3331 et
1842 3282 2064 3331 Torreu.
2087 3279 2155 3330 ad
2176 3281 2291 3332 Val.
2314 3282 2464 3336 Max.

1405 3373 1495 3412 nt·
1520 3363 1619 3424 2.§
1649 3365 1697 3410 8.
1725 3360 1900 3409 Arntz.

1474 3440 1607 3501 Rege
1626 3436 1846 3500 Agarro]
1880 3437 2002 3490 Non
2026 3452 2108 3487 me
2130 3435 2267 3501 fugit
2290 3445 2307 3469 ‘
2323 3437 2464 3492 Aba·

1387 3530 1584 3577 garum
1600 3513 1615 3536 '
1638 3515 1703 3563 ab
1725 3514 1861 3563 AElio
1881 3513 2156 3575 Spar-tiano
2175 3515 2461 3578 appellarit

1403 3606 1580 3642 verum
1619 3593 1742 3655 quia
1776 3589 1844 3638 de
1874 3588 2111 3639 lectionis
2152 3590 2290 3639 illius
2327 3590 2461 3641 iute-

1403 3669 1599 3730 gritate
1622 3667 1778 3715 etiam
1815 3666 2056 3729 Baptista
2092 3664 2342 3728 Egnatius
2365 3666 2462 3716 du·

1401 3743 1556 3804 bitat,
1572 3741 1798 3805 exempli
1824 3741 2016 3794 veteris
2039 3742 2349 3805 scripturam
2369 3742 2461 3793 bo·

1399 3836 1465 3870 na
1502 3818 1607 3870 fide
1652 3818 2040 3881 repraesentavi·
2071 3817 2254 3868 Scitote.
2335 3819 2456 3868 Non

1399 3895 1753 3948 dubitandum.
1780 3894 1847 3946 de
1881 3894 2184 3955 integritate
2217 3894 2455 3945 lectionis

1398 3974 1742 4037 Spartianeoe,
1772 3969 2264 4034 rescribendumque
2283 3970 2454 4032 Abga-

1394 4064 1485 4099 ro.·
1523 4050 1755 4097 visantur
1792 4047 1943 4095 modo
1977 4043 2452 4095 animadversiones

1396 4113 1706 4176 casauboni.
1737 4123 1886 4171 Grut.
1900 4127 1956 4171 et
1975 4119 2139 4171 Annu-
2193 4120 2369 4174 Multa
2382 4121 2451 4173 de

1392 4202 1490 4251 boc
1529 4215 1654 4263 rege
1689 4199 1975 4262 disputavit
2009 4196 2348 4261 spanhemius
2381 4197 2455 4250 da

1392 4271 1695 4328 Usn‘Num.
1735 4277 1859 4327 diss.
1894 4287 2023 4324 vm.
2059 4276 2132 4325 th.
2158 4287 2217 4324 x.
2252 4288 2304 4337 p.
2332 4278 2449 4326 584.

1393 4354 1485 4416 sed
1530 4352 1668 4420 quod
1728 4365 1858 4417 pace
1902 4351 2033 4401 tanti
2073 4350 2170 4404 viri
2208 4349 2449 4429 dixerim,
