3025 4934
529 414 822 466 AUREL.
855 415 1050 466 vm‘r.
1085 415 1314 466 vlltos
1362 417 1714 470 ILLUS'I'R·
1760 420 1923 469 031³.
1968 419 2222 471 XXXV·

279 556 520 607 alieniora
539 571 656 608 esse
684 548 918 609 censebit
941 559 1000 615 is,
1025 558 1112 624 qui
1132 560 1336 622 ignoret

273 633 381 682 haec
405 634 610 684 sublata
632 634 856 684 Merulae
891 634 958 684 a'd
993 636 1198 698 Eum-p.
1219 638 1334 685 367.

271 712 355 775 qui
371 713 460 761 bue
489 714 701 763 dictione
724 714 1052 771 restituebat,
1076 727 1239 776 eaque
1261 714 1336 763 lo·
1360 764 1383 774 ,

270 802 330 837 ea
345 788 619 839 firmandae
641 792 913 839 sententiae
938 790 1208 840 attulerat.
1228 789 1333 839 Sed

268 863 535 913 ‘dictum'
567 866 672 914 erit
716 865 1060 922 retinendum,
1093 880 1210 916 cum
1247 880 1335 915 eo-

221 985 227 992 .
265 940 388 989 dem
411 940 568 992 modo
591 942 657 992 de
680 944 889 993 oraculo
911 951 967 993 et
985 943 1335 1006 praedictioni-

267 1017 364 1067 bus
390 1018 619 1071 dicatur.
652 1019 811 1069 ovid.
834 1020 977 1069 Fast.
994 1033 1047 1069 v.
1066 1024 1181 1072 626.
1201 1020 1219 1049 ‘
1234 1020 1333 1070 Ta-

268 1097 340 1145 lia
359 1094 569 1146 fatidici
600 1097 745 1147 dicta
775 1095 923 1147 fuere
951 1095 1089 1148 Dei.’
1154 1097 1225 1146 Et
1255 1110 1333 1147 lv.

267 1175 383 1223 664.
431 1172 500 1223 de
536 1187 779 1237 responso
811 1188 842 1222 a
876 1174 994 1223 Deo
1028 1175 1081 1222 in
1120 1173 1334 1240 somniis

268 1247 418 1305 dato,
460 1249 479 1276 ⁴
500 1249 678 1299 Edidit
720 1264 754 1299 a
794 1250 982 1300 dextro
1023 1251 1151 1300 talia
1190 1249 1334 1301 dieta

269 1323 423 1374 toro.'
452 1326 527 1375 Et
557 1326 692 1374 Met.
715 1339 800 1376 ιιι.
824 1317 953 1377 627.
986 1327 1182 1384 ‘Dicta
1201 1326 1333 1377 fides

269 1402 530 1467 sequitur,
552 1416 903 1468 responsaque
928 1404 1056 1454 vatis
1071 1403 1335 1469 aguntur!

269 1478 449 1527 Ariste.

332 1553 639 1619 Tarentinis]
693 1554 894 1607 Quibus
932 1556 1182 1608 indictum
1218 1564 1334 1609 erat

267 1628 484 1693 bellum,
510 1633 630 1695 quia
652 1634 1001 1696 spoliaverant
1016 1642 1332 1685 mercatores

266 1706 556 1768 Romanos,
587 1716 742 1774 atque
776 1711 975 1774 legatos
1011 1712 1135 1761 lotio
1158 1726 1332 1775 asper-

266 1792 465 1834 serant.
485 1784 652 1835 Maeli.
685 1786 908 1838 Quidam
934 1788 1171 1837 Terentis.
1204 1789 1332 1837 Vul-

265 1868 393 1920 gata
427 1859 544 1910 baec
577 1862 831 1925 scriptura
856 1871 939 1913 est
963 1864 1090 1915 Mss.
1115 1865 1333 1915 concisi-

266 1951 358 1999 or;
379 1939 568 1988 auxilio
593 1939 954 1990 Tarentinorum
974 1942 1141 1992 bellum
1155 1941 1332 1993 Roma-

266 2013 360 2061 nis.
395 2014 599 2063 Schott.
654 2015 855 2065 Auxilio
876 2018 1149 2067 Tarentinis
1163 2017 1333 2067 bellum

266 2087 448 2138 Haun.
469 2088 914 2144 Gramm.Boend.
932 2103 987 2142 et
1003 2094 1160 2143 Fran.
1191 2092 1330 2143 Aux-

266 2165 352 2213 ilio
403 2165 681 2217 Tarentinis
722 2169 851 2219 venit
894 2169 1065 2220 bellum
1108 2179 1330 2236 uterque

268 2239 424 2289 Leid.
456 2242 635 2291 Arntz.

331 2315 611 2381 Lauinum]
632 2319 760 2368 Mss.
781 2319 1048 2370 Lavinium
1066 2320 1330 2384 scribuut3

265 2392 584 2443 Plutarchus
624 2396 677 2444 in
715 2397 922 2460 Pyrrho
961 2396 1188 2454 Ἀλβῖνον
1216 2414 1328 2450 cor·

263 2475 428 2531 rupte
462 2470 598 2519 haud
630 2471 786 2521 dubie
811 2488 903 2537 pro
924 2473 1130 2530 Λαβίναν
1157 2482 1329 2524 vocat.

266 2542 503 2594 Annales
536 2547 674 2596 enim
711 2549 1018 2599 Consulares
1053 2551 1233 2600 Romae
1254 2550 1328 2599 ef·

265 2617 397 2669 fossi
434 2620 501 2670 Ρ.
548 2622 818 2673 Valerium
858 2626 1128 2680 Laevinum
1171 2620 1328 2677 et'l'.

265 2696 654 2748 Coruncanium
728 2702 966 2751 consules
1032 2704 1142 2767 ejus
1205 2703 1328 2753 anni

266 2783 551 2822 cnnxxm.
576 2773 792 2827 faciunt.
821 2777 1009 2828 δώσει.

330 2848 644 2915 Heracleam]
681 2852 818 2903 Urbs
839 2854 977 2904 inter
1007 2854 1249 2918 Apuliam
1273 2860 1330 2904 et

262 2926 639 2990 Metapontum
681 2937 738 2979 et
786 2931 1035 2994 Siciliam,
1091 2932 1157 2981 ab
1212 2933 1328 2995 ipso

261 3002 504 3052 Hercule
545 3005 703 3069 dicta,
748 3009 835 3071 qui
879 3007 1071 3058 Graece
1093 3007 1329 3071 Ἡρακλῆς

261 3077 475 3128 dicitur.
493 3080 658 3130 Macra.
692 3081 904 3132 Hereum
918 3084 1047 3133 Mss.
1059 3083 1330 3158 Plutarch.

265 3155 585 3206 Heracleam
623 3167 679 3208 et
711 3160 1025 3211 Pandosiam
1051 3163 1115 3211 ad
1136 3160 1325 3212 flumen

261 3230 418 3281 Sirim
442 3232 496 3281 in
524 3233 648 3282 Cam
655 3235 807 3299 panis
829 3236 1071 3298 collocat,
1087 3244 1144 3285 et
1166 3238 1326 3287 Fron-

265 3306 362 3360 tin.
389 3311 485 3361 lib.
511 3326 589 3361 ιν.
610 3314 764 3364 Oros.
781 3330 904 3365 vero
920 3330 1002 3367 ιν.
1021 3320 1068 3365 1.
1089 3317 1105 3344 ‘
1121 3316 1298 3380 Lyrim
1312 3316 1328 3339 ⁹

263 3387 480 3439 fluvium
506 3393 754 3455 appellat,
786 3394 874 3459 qui
898 3395 1034 3457 peri
1055 3394 1212 3444 scribi
1239 3395 1325 3444 de·

262 3464 373 3514 bet.
421 3466 737 3517 Ptolemaeus
757 3469 912 3526 enim,
937 3469 1144 3531 Strabo,
1163 3478 1217 3520 et
1233 3471 1327 3520 Di-

262 3541 473 3605 onysius
494 3543 645 3606 Λεῖρις
677 3552 768 3593 aut
799 3547 926 3609 Λῖρις
942 3555 1171 3611 semper,
1196 3562 1323 3597 nun·

263 3631 420 3679 quam
459 3618 600 3682 Λῦρις
637 3618 893 3670 efferunt:
930 3622 1100 3686 poiitae
1144 3623 1326 3674 adhaec

262 3694 583 3756 producunt.
613 3695 796 3747 Schott.

323 3771 722 3837 Elephantorum]
778 3774 1100 3839 Elephanton
1124 3775 1322 3825 Plinius

257 3847 458 3897 ‘boves
505 3847 702 3897 Lucas’
736 3862 864 3899 viu.
898 3855 949 3899 6.
987 3851 1235 3915 appellat,
1267 3859 1325 3901 et

257 3921 434 3971 Varro
468 3922 603 3972 libro
634 3931 784 3974 sexto
817 3924 886 3974 de
922 3926 981 3975 L.
1007 3926 1067 3977 1..
1101 3926 1237 3990 quod
1267 3927 1322 3976 in

258 3999 494 4049 Lucania
537 3999 758 4063 primum
808 4002 903 4052 visi
939 4002 1220 4053 Romanis:
1266 4012 1323 4054 et

261 4075 525 4125 Ausonius
547 4076 825 4142 Tetradio:
850 4084 865 4106 ⁸
880 4078 986 4127 Cur
1009 4093 1091 4127 me
1112 4080 1322 4143 propin-

262 4166 417 4215 quum
461 4152 807 4201 Santonorum
849 4154 1103 4204 moenibus
1151 4154 1324 4204 Decli-

264 4242 370 4285 nas‚
392 4235 456 4280 ut
493 4229 664 4279 Lucas
693 4229 869 4293 boves,
895 4231 1035 4281 Olim
1060 4238 1323 4294 resumpto

260 4303 574 4368 praeferoces
597 4304 777 4371 praelio
790 4295 947 4372 Fugit
957 4307 1206 4371 juventus
1220 4310 1323 4360 Ro·

2337 405 2469 472 579

1407 560 1547 609 mula
1564 558 1623 609 θ’·
1666 560 1907 611 Lactant.
1930 559 1999 611 de
2022 558 2267 625 Opiflcio,
2294 560 2467 624 capite

1409 637 1596 686 tertioz
1622 643 1638 666 ‘
1654 636 1906 686 Potestne
1930 637 2088 699 igitur
2110 633 2319 700 aliquis,
2348 650 2467 686 cum

1409 712 1586 761 videat
1607 712 1760 762 etiam
1784 711 1941 762 boves
1967 712 2136 761 Lucas
2159 726 2273 761 cum
2294 711 2470 760 imma-

1408 787 1633 837 nissimis
1679 788 1981 852 corporibus
2027 788 2224 837 servire
2261 786 2473 851 homiui,

1408 863 1556 927 queri
1578 862 1645 913 de
1675 862 1860 927 opifice
1881 878 2049 913 rerum
2081 865 2200 914 Deo
2214 862 2253 912 ?’
2288 864 2376 913 ubi
2400 864 2468 913 de

1412 947 1514 989 vet.
1537 940 1654 989 cod.
1674 941 1925 1003 glossema
1950 955 2116 990 vaccas
2137 940 2332 1005 primus
2356 954 2470 989 sus·

1409 1018 1534 1067 tulit
1576 1017 1837 1068 Erasmus.
1901 1018 2145 1065 Meminit
2182 1024 2239 1066 et
2284 1016 2469 1067 Claud.

1406 1094 1698 1144 Mamertus
1739 1092 1806 1142 de
1842 1092 1998 1144 Statu
2038 1092 2245 1143 Animae
2285 1105 2347 1145 ιι.
2388 1097 2467 1143 18.

1407 1168 1592 1220 Sabou.
1647 1169 1789 1220 Duk.
1822 1170 1888 1218 ad
1923 1170 2062 1220 Flor.
2097 1183 2139 1219 ι.
2173 1172 2254 1219 18.
2285 1171 2390 1234 §60
2412 1177 2469 1221 et

1410 1246 1669 1296 Stewacb.
1685 1246 1750 1296 ad
1766 1246 1957 1310 Veget.
1976 1246 2043 1297 de
2058 1246 2137 1297 Re
2153 1246 2268 1295 Mil.
2282 1258 2369 1298 ιιι.
2382 1250 2467 1298 24.

1405 1320 1586 1371 Arntz.

1477 1397 1733 1461 Tui-bavit]
1766 1398 1904 1449 Quia
1927 1398 2183 1449 Romanos
2208 1401 2468 1451 contrive-

1407 1484 1531 1523 runt
1564 1488 1741 1537 equos.
1774 1474 1940 1523 Mucii.
2008 1474 2210 1525 Plinius
2246 1490 2372 1526 vm.
2414 1481 2467 1528 6.

1408 1552 1602 1614 Veget.
1626 1566 1712 1602 ιιι.
1744 1556 1825 1602 24.
1884 1551 1989 1602 Alii
2002 1553 2221 1624 fugauitg
2272 1555 2468 1604 Verum

1407 1630 1690 1678 modestius
1713 1629 1925 1679 turbauit
1960 1629 2112 1692 dixit,
2144 1629 2281 1696 quod
2304 1638 2468 1683 terro·

1407 1719 1527 1767 rem,
1552 1706 1763 1770 injicere
1786 1713 1843 1757 et
1871 1705 2283 1770 perterrefacere
2307 1709 2468 1772 signi-

1405 1782 1548 1833 ficat.
1616 1785 1675 1834 L.
1709 1782 1847 1846 Ann.
1880 1784 2083 1834 Seneca
2104 1784 2195 1835 lib.
2219 1798 2258 1835 1.
2281 1784 2349 1834 de
2369 1786 2468 1836 hac

1404 1859 1684 1909 Tarentina
1716 1874 1921 1925 pugna:
1965 1859 2123 1910 ‘Tam
2157 1868 2308 1911 atrox
2346 1860 2468 1926 fuit,

1406 1942 1466 1985 ut
1486 1936 1795 1985 Ferentanis
1829 1942 2015 1985 turmae
2046 1933 2331 1999 praefectus
2356 1936 2468 1987 Ob·

1404 2012 1566 2061 sidius
1588 2012 1826 2082 invectus
1862 2014 1915 2061 in
1948 2026 2123 2076 regem
2157 2012 2468 2078 turbaverit,

1406 2088 1741 2155 coegeritque
1756 2089 2009 2154 projectis
2032 2088 2318 2153 insignibus
2333 2103 2466 2154 prm·

1406 2167 1475 2216 lio
1499 2167 1792 2216 excedere)
1826 2166 2008 2216 Schott.
2069 2167 2213 2216 Talia
2236 2168 2289 2216 in
2314 2167 2465 2217 bellis

1404 2244 1615 2293 maximi
1663 2258 1805 2308 saepe
1838 2244 2007 2293 solent
2041 2258 2155 2293 esse
2198 2245 2467 2294 momenti.

1407 2320 1618 2371 Curtius
1638 2334 1766 2372 vm.
1790 2325 1869 2370 14.
1888 2322 1916 2384 §
1934 2325 2018 2373 23.
2052 2322 2071 2352 ⁴
2090 2322 2340 2385 Magnum
2359 2322 2467 2371 bel·

1402 2400 1502 2448 luas
1547 2399 1771 2463 injecere
1817 2406 2086 2460 terrorem,
2121 2400 2462 2463 insolitusque

1401 2475 1595 2526 stridor
1639 2491 1738 2526 non
1783 2490 1943 2539 equos
1980 2476 2153 2536 modo,
2186 2476 2278 2525 sed
2325 2477 2463 2525 viros

1403 2566 1607 2616 quoque
1628 2552 1935 2614 ordinesque
1963 2550 2300 2601 turbaverat!
2354 2552 2472 2601 Ve··

1402 2636 1512 2691 get.
1536 2629 1599 2678 de
1623 2629 1700 2677 Re
1722 2628 1839 2676 Mil.
1859 2641 1947 2677 ιιι.
1967 2631 2049 2677 24.
2080 2635 2095 2657 ⁸
2117 2628 2392 2692 Elephanti
2406 2630 2463 2679 in

1404 2706 1595 2768 praeliis
1626 2702 1807 2755 formae
1841 2704 2005 2769 ipsius
2037 2705 2269 2753 novitate
2299 2703 2461 2755 bomi-

1400 2795 1494 2831 nes
1520 2794 1782 2846 equosque
1815 2781 2124 2831 conturbant
2141 2780 2175 2829 ε’
2209 2788 2265 2830 et
2298 2783 2461 2831 Fron-

1402 2857 1497 2907 tiu.
1524 2858 1750 2918 Strateg·
1790 2870 1854 2906 ιι.
1886 2860 1936 2907 4.
1972 2871 2055 2906 ex.
2082 2860 2162 2906 12.
2196 2858 2462 2907 ‘Camela-

1402 2947 1513 2983 rum
1560 2931 1768 2997 gregem
1811 2932 2074 2995 opposuit,
2110 2947 2324 2996 quorum
2369 2948 2463 2983 no·

1402 3012 1569 3061 vitate
1611 3019 1669 3061 et
1708 3010 1919 3059 horrore
1952 3011 2270 3060 consternati
2304 3010 2461 3075 equi-⁹

1400 3086 1577 3138 Arntz.

1469 3163 1549 3228 §A
1588 3162 1781 3213 Talibus
1799 3161 1946 3226 airis]
1968 3162 2190 3211 Veteres
2216 3162 2333 3212 libri
2352 3163 2457 3227 sig-

1402 3247 1589 3290 nanter
1620 3239 1880 3289 militibus:
1912 3247 1969 3288 et
2001 3238 2165 3289 subire
2197 3254 2298 3289 uon
2330 3240 2458 3289 subi-

1397 3331 1530 3379 gere.
1599 3316 1910 3366 Plutarchus
1942 3314 2171 3365 secunda
2194 3330 2367 3379 pugna
2390 3316 2459 3367 ad

1400 3394 1648 3444 Asculum
1668 3393 1861 3442 dixisse
1883 3393 1979 3441 boc
2002 3389 2179 3441 refert.
2211 3390 2453 3442 Schottioe.

1400 3470 1635 3519 Praestat
1671 3468 1806 3534 quod
1844 3468 1918 3517 ait
1949 3469 2212 3529 signanter
2245 3475 2458 3518 exstare

1399 3547 1451 3595 in
1477 3545 1735 3596 veteribus
1757 3544 1903 3594 libris
1926 3544 2127 3594 Schott.
2160 3544 2334 3593 talibus
2363 3544 2457 3593 mi·

1397 3624 1563 3674 litibus
1573 3641 1596 3684 ‚-
1627 3623 1899 3686 iuvenique
1920 3622 2045 3671 item
2068 3622 2120 3670 in
2145 3622 2457 3672 membranis

1399 3701 1682 3750 Palatinis:
1745 3698 1882 3758 haud
1931 3704 2106 3764 tamen
2148 3697 2227 3748 ita
2279 3698 2458 3762 inepta

1398 3776 1659 3839 scriptura
1697 3776 1872 3839 prior:
1905 3774 2009 3823 imo
2045 3788 2111 3822 ne
2147 3773 2270 3838 quid
2307 3774 2455 3824 dissi-

1396 3853 1605 3915 mulem,
1646 3849 2010 3915 praeposuerim
2046 3847 2157 3898 fere
2195 3850 2456 3899 secundm.

1401 3928 1547 3977 Grut.
1611 3927 1855 3977 Militibus
1907 3924 2192 3987 recepimus
2249 3938 2315 3972 ex
2367 3925 2453 3974 ed.
2489 3947 2492 3950 ·

1397 4006 1535 4054 Ven.
1554 4011 1609 4054 et
1628 4005 1756 4053 Mss.
1793 4002 2057 4052 omnibus:
2093 4000 2212 4050 viris
2242 4015 2453 4065 expres·

1395 4074 1571 4140 serant
1595 4081 1803 4145 reliquas
1825 4078 1966 4133 edd„
1987 4089 2102 4140 quae
2124 4088 2222 4125 vox
2244 4077 2453 4140 elegan-

1398 4163 1480 4204 ter
1498 4169 1640 4219 saepe
1659 4170 1752 4218 pro
1773 4153 2016 4202 militibus
2037 4151 2262 4214 ponitur.
2297 4154 2452 4205 Silius

1399 4245 1458 4281 x.
1501 4234 1552 4282 7.
1606 4232 1623 4258 ⁴
1650 4230 1729 4280 Ac
1770 4229 1881 4279 sine
1924 4228 2134 4277 vulnere
2181 4236 2324 4293 terga
2363 4230 2450 4281 Ad

1396 4321 1577 4358 manes
1617 4306 1843 4368 deferte,
1884 4302 2018 4356 viri-⁹
2083 4303 2295 4357 Sallust.
2322 4306 2451 4373 δας.
