3025 4934
542 568 671 605 vru.
697 557 778 605 18.
809 555 910 618 §L
944 551 1173 616 ‘Hostes
1204 551 1255 601 in
1291 550 1490 602 insidiis
1517 565 1609 615 po·

543 632 654 692 siti,
688 645 808 681 cum
858 630 954 680 sibi
999 629 1314 693 delegissent
1348 643 1609 693 campum,

541 707 679 757 hunc
697 707 895 758 insidiis
915 706 1398 758 circumsederunt.'
1430 706 1609 755 Caesar

541 783 679 833 Bell.
719 783 853 833 Gall.
890 797 929 832 1.
953 786 1085 848 41.§
1111 787 1158 832 1.
1192 790 1208 813 ⁸
1226 783 1388 840 Pons,
1411 783 1500 847 qni
1523 779 1605 831 fu·

468 888 473 892 —
541 868 656 909 erat
698 867 1012 922 tempestate
1057 861 1402 924 interruptus,
1420 874 1605 924 ¹neque

542 942 659 985 erat
685 934 931 996 refectus,
958 936 1095 986 liunc
1117 944 1276 986 noctu
1298 934 1477 999 perfici
1492 936 1605 999 jus-

540 1010 644 1064 sit?
702 1012 880 1062 Livius
901 1025 1065 1064 xxvi.
1090 1016 1175 1062 24.
1205 1014 1222 1042 ⁴
1245 1013 1484 1062 Laeviuus
1506 1014 1606 1062 Za-

539 1089 784 1149 cynthum
820 1088 1011 1152 (parva
1033 1089 1199 1138 insula
1220 1094 1300 1137 est
1316 1089 1606 1153 propinqua

538 1164 775 1228 AEtolioe)
797 1179 910 1214 eam
944 1167 1142 1227 praeter
1161 1179 1332 1214 arcem
1356 1165 1404 1213 vi
1430 1166 1608 1229 cepit!

537 1240 752 1292 Terent.
781 1241 1029 1290 Eunucho
1064 1254 1117 1290 v.
1138 1244 1190 1290 4.
1211 1246 1262 1290 6.
1299 1247 1313 1269 ‘
1332 1241 1604 1304 Virginem

538 1316 708 1368 Quam
741 1317 967 1378 amabat,
1002 1330 1114 1365 eam
1138 1315 1337 1366 confeci
1362 1318 1471 1366 sine
1496 1332 1604 1367 mo·

536 1392 732 1452 lestis?
795 1393 1009 1442 Sallust.
1033 1393 1158 1457 Jng.
1189 1407 1237 1443 c.
1263 1396 1313 1442 7.
1339 1395 1366 1457 §
1391 1397 1436 1443 1.
1473 1400 1488 1424 ⁸
1505 1394 1603 1445 Ju-

538 1469 748 1530 gurtba,
769 1468 905 1533 qnod
925 1475 1039 1522 erat
1059 1483 1211 1518 manu
1229 1477 1482 1532 promtus,
1496 1476 1601 1519 sta-

536 1545 659 1606 tuit,
704 1560 821 1598 eum
877 1546 1148 1609 objectare
1191 1544 1460 1610 periclin'
1516 1528 1645 1597 ubi‘

536 1621 838 1674 confer-tur
862 1623 1069 1673 Cortius
1095 1629 1149 1671 et
1177 1622 1244 1671 ad
1269 1622 1423 1672 Catil.
1448 1636 1497 1672 c.
1520 1625 1603 1674 87.

540 1699 637 1762 94.
689 1699 901 1749 Sueten.
926 1699 1128 1748 Domit.
1148 1713 1198 1749 c.
1221 1702 1272 1748 8.
1296 1701 1324 1763 ξ
1347 1703 1397 1748 2.
1422 1701 1437 1727 ‘
1459 1699 1601 1748 Uxo-

535 1786 647 1824 rem
672 1788 818 1823 suam
836 1774 1136 1832 Domitiam,
1155 1774 1371 1824 eandem
1391 1775 1600 1825 Paridis

1236 408 1460 459 1⁵10?AE
1508 407 1918 458 VARIORUM
1970 407 2054 458 m

1679 590 1689 602 .
1749 550 1919 615 Spolia
1940 567 2003 603 ex
2024 548 2126 613 his]
2160 548 2445 612 Scripsi-ex
2469 544 2651 599 eodem
2673 549 2751 599 la-

1671 629 1826 692 'pide,
1846 637 1903 680 et
1937 628 2198 679 veteribus
2236 628 2382 677 libris
2414 626 2545 677 Mas.
2579 625 2748 676 Schot-

1682 710 1940 844 mcereri]
1959 781 2206 830 Cererem
2226 781 2243 808 ⁸
2260 778 2473 830 terram'
2492 781 2663 830 Varro
2685 795 2749 832 ac

1682 859 1769 908 alii
1818 857 2107 922 philosophi
2147 858 2583 920 interpretantur,
2626 857 2748 921 quis

1680 943 1846 1000 gerat*
1869 935 2061 997 omnia,
2098 935 2151 985 id
2178 942 2281 998 est,
2303 942 2584 997 procreet:
2620 934 2745 985 inde

1681 1011 1873 1062 multus
1909 1010 2102 1061 fabule
2138 1012 2285 1061 locus
2316 1010 2473 1060 datus
2496 1018 2598 1059 est.
2630 1011 2747 1060 Mo·

1646 1130 1652 1134 ,
1676 1090 1816 1139 chan.

1745 1168 1775 1230 ς
1799 1169 1829 1215 3
1856 1166 2043 1222 Quarto
2060 1161 2329 1226 σοπειιῑοιίιι]
2363 1162 2609 1211 Varronis
2630 1176 2745 1212 sen·

1679 1242 1868 1303 tentia,
1885 1256 1989 1305 qua
2013 1241 2280 1305 ‘quartum
2302 1240 2483 1289 consui
2499 1238 2513 1260 '
2537 1246 2748 1303 tempus

1679 1317 2059 1382 adsignificare,
2093 1325 2149 1367 et
2172 1326 2253 1366 ter
2273 1323 2394 1365 ante
2417 1313 2618 1365 facturn
2636 1332 2652 1365 ε
2688 1324 2746 1367 et

1677 1396 1694 1424 ‘
1713 1403 1899 1461 quarto
1932 1394 2114 1445 consul
2134 1393 2150 1416 ²
2185 1393 2376 1454 locum,
2395 1405 2456 1441 ac
2481 1400 2586 1441 tres
2619 1400 2746 1442 ante

1676 1469 1867 1530 factos,
1896 1471 2091 1520 frustra
2121 1477 2232 1519 est:
2269 1475 2328 1519 nt
2349 1468 2428 1517 his
2449 1466 2745 1518 confirmari

1678 1554 1877 1609 potest.
1928 1547 2063 1595 Vide
2083 1545 2237 1608 Agel.
2256 1557 2312 1593 x.
2336 1548 2385 1593 1.
2452 1544 2592 1615 Sane
2616 1541 2744 1597 Bie-

1677 1637 1787 1673 ron.
1810 1623 2015 1687 Magius
2044 1622 2270 1673 Miscell.
2305 1634 2391 1670 ιιι.
2410 1625 2460 1670 9.
2491 1622 2743 1685 antiquis-

1676 1701 1856 1752 simam
1902 1699 2091 1765 lapidis
2132 1699 2521 1761 inscriptionem
2563 1698 2744 1749 Rome

1677 1778 1869 1827 vidisse
1892 1792 1949 1827 se
1972 1775 2217 1838 affirmat,
2238 1776 2289 1824 in
2312 1789 2415 1839 quo
2438 1776 2629 1837 capitis
2651 1774 2745 1826 bn·

533 1849 800 1899 histrionis
841 1863 1017 1899 amore
1057 1850 1407 1913 deperditam,
1445 1865 1601 1914 repn—
1667 1854 1759 1917 jus
1798 1853 2003 1903 initium
2038 1855 2115 1903 ita
2146 1860 2207 1902 ut
2240 1849 2496 1901 edendnm
2539 1851 2744 1901 curavi·

534 1925 737 1978 diavit!
801 1927 920 1978 Quo
941 1927 1054 1978 loco
1075 1930 1269 1977 eundem
1284 1928 1476 1991 ejicere
1493 1943 1601 1977 ma·

533 2003 681 2060 lebat
720 2003 1043 2065 Torrentius,
1086 2012 1272 2067 utpote
1311 2004 1600 2074 miuussne-

535 2080 838 2131 cessariam.
859 2079 1128 2136 ,Indicium
1148 2079 1260 2143 ejus
1278 2094 1379 2128 non
1394 2094 1601 2143 sequor.

531 2155 736 2205 Plinius
775 2156 978 2219 Paneg.
1014 2170 1063 2205 c.
1095 2161 1145 2204 5.
1186 2154 1410 2220 ‘Omnis
1449 2156 1602 2206 turba

534 2246 653 2295 φιτ,
688 2232 848 2281 limen
879 2230 1163 2289 insederat,
1200 2231 1287 2280 illa
1312 2231 1518 2295 quidem
1544 2240 1601 2282 ut

535 2313 664 2362 tunc
706 2306 1058 2355 arbitrabatur
1106 2307 1301 2368 Deum,
1343 2315 1603 2371 ceterum,

534 2373 595 2438 nt
640 2383 822 2434 docuit
853 2392 1091 2439 eventus,
1129 2390 1183 2432 te
1216 2384 1600 2434 consalutavit.’

532 2460 636 2508 Sed
662 2467 715 2509 et
737 2459 808 2509 ibi
824 2475 919 2523 pro
940 2461 1028 2509 illa
1041 2461 1245 2523 quidem,
1265 2461 1474 2512 Hearnc
1488 2463 1600 2513 edi·

533 2536 730 2597 ditjam
759 2538 948 2600 quidem
962 2553 983 2596 ,-
1011 2539 1265 2601 quomodo
1288 2538 1486 2604 aliquot
1510 2555 1598 2590 ve·

532 2619 675 2662 teres
698 2613 817 2663 edd.
886 2614 1080 2664 Melius
1113 2617 1386 2665 sententia
1413 2630 1599 2666 consu-

528 2692 672 2752 lunt,
694 2692 782 2756 qui
807 2692 894 2742 illa
914 2691 1216 2754 defendant.
1285 2693 1482 2743 Noster
1504 2693 1597 2744 inf.

532 2781 582 2822 c.
603 2772 686 2816 60.
720 2768 882 2818 ‘Cum
912 2768 1130 2819 Claudio
1160 2770 1372 2819 Nerone
1391 2770 1598 2818 inimico

534 2858 630 2902 sno
656 2845 857 2907 consul,
896 2859 961 2893 ne
998 2858 1136 2909 resp.
1174 2845 1434 2896 discordia
1463 2848 1598 2896 male

533 2924 1006 2982 administraretur,
1049 2925 1328 2975 amicitiam
1373 2941 1490 2976 cnm
1533 2940 1598 2976 eo

522 3001 700 3064 junxit
718 3001 752 3052 :'
785 3010 840 3051 et
880 3018 998 3067 qnae
1040 3010 1290 3052 notantur
1328 3003 1392 3051 ad
1425 3017 1474 3052 c.
1511 3006 1597 3052 48.

529 3077 617 3128 Sic
641 3079 673 3126 l.
694 3083 745 3128 9.
778 3081 806 3144 ξ
839 3079 934 3128 ult.
970 3077 1026 3129 ff.
1062 3078 1130 3129 de
1165 3079 1376 3129 Poenis:
1414 3080 1597 3129 ‘Statu

529 3153 771 3218 liberum,
803 3155 950 3220 quasi
979 3155 1198 3205 liberum
1228 3170 1344 3206 eum
1359 3156 1473 3219 jum
1506 3170 1600 3218 pn·

531 3231 776 3281 niendnm
799 3230 833 3281 τ’
856 3247 949 3296 pro
967 3248 1074 3282 enm
1095 3232 1363 3283 substituit
1384 3231 1599 3281 Raevar·

531 3306 628 3355 dus
653 3308 856 3357 Varior.
878 3321 942 3358 11.
967 3311 1048 3358 11.
1070 3323 1170 3357 esse
1178 3324 1200 3366 ,·
1237 3308 1280 3356 si
1312 3307 1434 3371 quid
1458 3306 1598 3357 foret

530 3384 856 3445 mutandum,
892 3392 1070 3448 posset
1114 3385 1218 3448 legi
1252 3389 1354 3432 tum
1372 3382 1498 3443 jam,
1541 3389 1599 3433 ut

530 3459 678 3521 Virg-
701 3461 815 3509 Ecl.
842 3472 962 3508 vm.
984 3464 1065 3511 39.
1088 3462 1105 3490 ‘
1121 3459 1276 3510 Alter
1297 3460 1362 3509 ab
1386 3460 1598 3509 undeci-

532 3550 616 3583 mo
638 3543 746 3584 tum
771 3536 978 3599 mejam
1001 3544 1217 3601 ceperat
1236 3536 1431 3586 annus?
1454 3537 1598 3588 Dict.

533 3611 775 3659 Cretens.
798 3610 864 3660 de
898 3612 1033 3662 Bell.
1064 3613 1212 3676 Troj.
1244 3626 1308 3661 ιι.
1326 3617 1410 3664 43.
1435 3614 1595 3663 ‘Tum

522 3687 634 3750 jam
656 3688 964 3762 cedentibus
987 3691 1153 3738 aerior
1173 3690 1451 3741 insistens.’
1495 3692 1593 3740 Te·

531 3770 671 3812 rent.
696 3763 862 3813 Andr.
884 3779 922 3814 ι.
944 3769 1085 3816 1.68.
1119 3767 1302 3817 Cicero
1319 3783 1414 3831 pro
1433 3767 1597 3817 Arcb.

533 3854 650 3902 cap.
681 3845 731 3888 6.
754 3848 808 3890 et
830 3852 935 3891 cet.
998 3844 1192 3894 Verum
1226 3855 1444 3907 praestat
1469 3847 1595 3896 nihil

535 3923 753 3966 mutare.
787 3918 964 3968 Livius
991 3933 1031 3969 ι.
1057 3925 1135 3971 19.
1154 3922 1170 3949 ‘
1189 3922 1385 3971 Urbem
1409 3937 1594 3972 novam

534 3993 798 4044 conditam
826 3996 873 4043 vi
898 4005 954 4045 et
981 3999 1150 4055 armis,
1180 3999 1303 4062 jure
1326 4014 1439 4048 eam
1467 4000 1596 4063 legi·

424 4119 428 4126 ,
534 4067 734 4134 busque
756 4072 982 4123 condere
1008 4074 1194 4136 parat!
1256 4075 1320 4124 In
1345 4076 1596 4124 similibus

532 4149 692 4212 igitur
724 4150 967 4214 loquendi
1005 4152 1280 4215 generibus
1314 4152 1594 4202 emendan-

534 4225 740 4353 {123⁰
777 4227 1027 4277 debemus
1061 4243 1176 4282 esse
1207 4229 1359 4279 nimis
1391 4228 1592 4281 faciles.

1675 1944 1808 1993 mus,
1829 1930 2146 1992 insculptum
2167 1935 2298 1978 erat.
2327 1927 2516 1977 Sotion.

1742 2006 1866 2054 Cum
1892 2004 2054 2069 Gaui]
2090 2004 2262 2054 Cicer.
2286 2003 2354 2052 de
2384 2002 2601 2053 Finibus
2620 2002 2656 2051 1.
2680 2016 2744 2051 ιι.

1672 2088 1732 2132 et
1755 2082 1804 2131 in
1823 2083 2041 2132 Catone.
2102 2082 2167 2131 In
2188 2080 2493 2130 Tusculanis
2519 2095 2644 2129 vero
2666 2082 2742 2130 ait

1675 2172 1791 2208 cum
1836 2160 2074 2209 Etruscis
2111 2157 2442 2208 decertasse:
2491 2156 2579 2205 alii
2621 2169 2741 2207 cum

1675 2234 1861 2286 Gallis.
1893 2237 2049 2287 Oros.
2072 2249 2160 2285 ιιι.
2184 2239 2268 2284 21.
2301 2233 2487 2283 Senon.

1740 2312 1991 2363 Sollennia
2044 2312 2187 2362 uerba
2239 2309 2551 2373 respondens]
2607 2308 2740 2360 Qnae

1673 2389 1811 2451 apud
1844 2389 1958 2437 Liv.
1992 2388 2083 2437 lib.
2112 2400 2237 2436 vm.
2284 2385 2522 2436 Macrob.
2563 2397 2653 2434 ιιι.
2685 2388 2740 2433 9.

1672 2463 1859 2515 Senon.
1884 2464 2003 2514 Not.
2022 2464 2152 2512 Min.
2184 2462 2466 2511 Taubman.
2482 2459 2548 2508 ad
2567 2458 2743 2521 Virgi-

1672 2543 1728 2591 lii
1752 2541 1983 2591 Culicem
2011 2554 2093 2589 vs.
2124 2542 2242 2589 857.
2306 2538 2379 2587 Et
2414 2535 2635 2585 Gruter.
2671 2534 2738 2583 ad

1670 2618 1858 2669 Senec.
1883 2617 2051 2680 Epist.
2074 2628 2255 2665 vau.
2284 2611 2461 2663 Arntz.

1737 2693 1872 2744 Cu.
1913 2706 2128 2743 xxvnr.
2163 2693 2191 2755 ξ
2229 2694 2257 2740 l
2298 2685 2585 2752 Torquatus]
2619 2686 2737 2737 Pri·

1673 2784 1783 2819 mus
1823 2771 1876 2818 in
1921 2783 1986 2818 ea
2028 2768 2228 2817 familia
2268 2779 2519 2827 agnomen
2563 2764 2660 2812 boc
2706 2778 2739 2812 a

1673 2855 1689 2879 ⁴
1712 2845 1930 2912 torque'
1967 2846 2165 2908 adepto
2185 2842 2383 2891 babuit.
2421 2839 2585 2889 Moch-
2654 2840 2736 2889 De

1671 2927 1953 2989 Torquatis
1988 2923 2105 2972 vide
2129 2922 2284 2986 Agel.
2313 2933 2397 2969 rx.
2436 2922 2517 2969 13.
2548 2918 2735 2982 Stepb.

1673 3003 1825 3062 Pigh.
1858 3003 1912 3052 in
1939 3001 2053 3052 Val-
2076 2999 2222 3049 Msx.
2261 3011 2341 3046 vr.
2369 3000 2421 3046 4.
2451 3002 2507 3045 et
2531 2995 2737 3044 Panos.

1671 3078 1857 3129 Sabate.

1743 3154 1819 3205 01>
1845 3153 2032 3217 ingenii
2060 3157 2107 3202 et
2130 3152 2311 3213 lingue
2330 3149 2636 3213 tarditatem]
2665 3148 2737 3200 Et

1672 3231 1932 3284 Gruterus
1977 3230 2040 3279 ad
2078 3230 2265 3278 Senec.
2307 3227 2375 3275 de
2422 3223 2611 3274 Benef.
2647 3238 2736 3273 ιιι.

1671 3313 1754 3359 37.
1817 3308 1959 3358 Loco
1998 3322 2103 3369 rus,
2142 3306 2250 3355 ruri
2291 3310 2373 3354 est
2409 3303 2461 3353 in
2499 3301 2649 3351 Leid-
2686 3305 2740 3350 2.

1671 3384 1846 3436 Antia.

1734 3463 1783 3511 A
1822 3461 1985 3525 patre]
2022 3458 2248 3511 Quidam
2287 3456 2405 3508 cod.
2446 3472 2478 3505 n
2512 3454 2738 3518 patribus

1670 3539 1971 3603 scripserat.
2016 3534 2301 3587 Manifesto
2319 3533 2524 3594 falsum·
2569 3532 2737 3581 Pater

1669 3618 1807 3665 enim
1830 3613 1930 3663 fuit
1949 3615 2009 3663 Ι..
2025 3611 2252 3661 Manlius
2276 3608 2612 3671 Imperiosus.
2650 3606 2736 3656 ci-

1670 3707 1776 3757 cer.
1802 3683 1959 3739 offic.
1981 3689 2069 3737 lib.
2093 3701 2177 3738 ιιι.
2205 3686 2390 3736 Schote-

1733 3765 2017 3831 Pompoaio]
2050 3765 2156 3817 Qui
2192 3762 2418 3826 Pompeio
2451 3774 2550 3824 pro
2584 3760 2735 3809 Pont-

1663 3846 1806 3908 pom'o
1839 3847 2096 3907 legerunt,
2125 3850 2323 3891 errant.
2355 3838 2540 3887 Schott.
2605 3834 2734 3885 Sine

1667 3921 1830 3971 dubio
1875 3917 2206 3970 scribendum
2251 3914 2533 3977 Pomponio,
2569 3920 2626 3961 et
2661 3915 2735 3961 ita

1667 3998 1820 4047 codd.
1852 3994 2014 4045 nostri
2044 4000 2242 4042 tantum
2266 4005 2368 4039 non
2392 4002 2605 4050 omnes3
2642 3985 2735 4036 Al·

1667 4074 1784 4136 dus,
1799 4070 2082 4136 Gryphius,
2096 4077 2151 4117 et
2166 4069 2353 4131 ceteri,
2369 4065 2553 4129 quibus
2573 4063 2734 4116 adsti-

1667 4150 1914 4213 pulantur
1956 4144 2300 4195 auctoritates
2344 4149 2602 4201 veterum,
2647 4139 2734 4203 qni

1668 4225 1926 4275 Manlium
1973 4237 2004 4270 a
2048 4218 2331 4283 Pomponio,
2386 4231 2487 4265 non
2531 4228 2659 4265 vero
2700 4227 2731 4262 a

1666 4302 1893 4368 Pompeio
1916 4301 1968 4350 in
1983 4298 2069 4362 ins
2091 4304 2331 4349 vocatum
2354 4291 2586 4345 tradant.
2620 4290 2730 4342 Cic.
