3025 4934
628 378 918 428 AUREL.
958 377 1157 427 vm'r.
1212 376 1632 439 EPITOMRN,
1682 379 1844 438 QAP.
1891 380 2140 429 xnvn.

295 536 414 587 quos
439 521 561 585 vidi,
595 528 654 572 et
693 523 905 574 Paullus
944 522 1226 578 macarius,
1258 520 1354 574 aed

294 601 452 650 in.eo
492 606 683 664 peccat
727 598 909 650 Guelf.
941 599 1079 665 quod
1118 599 1355 649 «listinae

294 677 484 727 scribat
535 684 718 728 contra
764 676 867 727 vim
912 676 1072 730 vocis.
1139 677 1352 727 Curtius

294 765 395 802 vu.
426 759 475 803 ⁵.
506 755 536 817 ξ
571 758 656 803 41.
707 754 724 782 6
745 754 986 818 Namque
1027 753 1160 804 adeo
1205 761 1352 804 certo

290 828 395 882 ictu
422 830 692 882 destinata
740 828 982 880 feriebat.
989 830 1003 851 '
1068 831 1352 884 Eumenius

292 907 487 970 Paneg.
537 908 811 957 Constant.
854 922 901 957 c.
944 911 995 957 8.
1042 910 1071 972 ς,
1109 912 1158 956 1.
1193 907 1352 957 6Νοιι

291 985 420 1033 euim
446 984 550 1033 ulla
572 984 852 1034 Persarum
877 984 1216 1045 Cydonumve
1245 982 1353 1033 tela

292 1069 391 1109 tam
404 1063 562 1111 certis
570 1061 799 1125 jactibus
813 1062 1070 1109 destinata
1086 1058 1351 1109 fixerunt!

291 1138 427 1190 Dict.
474 1138 739 1187 Cretensis
792 1137 929 1188 Bell.
980 1138 1127 1201 Troj.
1170 1151 1260 1190 ιιι.
1303 1142 1350 1188 1.

287 1214 633 1277 ‘Sagittarum
684 1213 923 1263 dominus
978 1223 1034 1264 et
1087 1214 1350 1266 destinata

289 1290 507 1340 feriendi
533 1300 645 1340 arte
670 1288 959 1340 mirabilia?
1023 1291 1222 1341 Eodem
1260 1291 1351 1339 lib.

287 1384 333 1417 c.
370 1373 447 1419 18.
483 1369 499 1395 6
522 1370 719 1431 Ulyxes
759 1382 876 1417 cum
919 1368 1156 1417 Mer-ione
1186 1367 1349 1417 desti·

287 1452 460 1494 natum
484 1444 744 1493 confixere
763 1442 798 1491 ι’
829 1443 915 1492 ubi
951 1444 1087 1492 male
1109 1444 1352 1494 eruditis-

287 1522 415 1571 sima
446 1521 585 1570 illius
615 1520 899 1583 scriptum
921 1520 1185 1581 hteepren
1205 1521 1353 1572 teui-

286 1603 447 1646 ιιιωιι
483 1597 711 1660 reponit,
742 1610 856 1645 curn
896 1599 1078 1661 ntique
1113 1596 1349 1647 ‘locum’

287 1673 779 1734 subintelligendum
801 1671 954 1724 foret.
1021 1673 1201 1722 Livius
1226 1688 1348 1725 xxi.

285 1754 365 1799 54.
415 1752 651 1801 ‘Omnes
688 1750 869 1811 capias
909 1750 979 1799 nd
1029 1751 1349 1802 &sunum

276 1826 535 1888 janam
553 1826 795 1887 ennium,
824 1825 1011 1875 nida
1048 1827 1347 1876 certaminis

285 1902 463 1953 eduxit
485 1901 518 1952 :’
551 1901 717 1951 haeret
738 1902 809 1951 ibi
831 1902 912 1951 vir
934 1916 1163 1963 magnus,
1189 1910 1244 1952 et
1279 1904 1347 1952 lo-

282 1993 384 2028 ειιιιι
409 1982 751 2043 interponunt
778 1979 982 2042 scripti,
1009 1994 1124 2041 quae
1164 1995 1262 2028 vox
1300 1981 1346 2031 si

283 2070 311 2104 a
344 2055 500 2104 codd.
537 2054 760 2116 abesset,
786 2068 887 2102 nou
924 2068 1234 2117 magnopere
1257 2055 1345 2104 tle·

281 2132 582 2188 siderarem.
652 2089 898 2193 vegetius
925 2131 988 2177 de
1021 2130 1096 2179 Re
1119 2130 1235 2180 Mil.
1257 2144 1345 2184 ιιι.

281 2213 328 2259 2.
361 2210 588 2271 ‘Coepto
613 2208 799 2257 itinere
842 2209 906 2257 ad
943 2208 1204 2257 destinata
1228 2223 1344 2272 per-

280 2283 537 2334 veniunt!
594 2284 683 2333 lib.
720 2283 837 2334 eod.
872 2295 988 2346 cap.
1009 2288 1058 2332 6.
1097 2283 1184 2333 fin.
1217 2285 1346 2334 6«Ῑιι

281 2364 459 2426 pedito
525 2361 715 2412 itinere
770 2361 1204 2412 circumveniatur
1256 2377 1345 2411 ex·

280 2439 492 2500 ercitus,
515 2440 811 2502 priusquam
850 2437 916 2486 ad
938 2437 1204 2488 destinata
1227 2454 1343 2502 per-

185 2536 188 2539 ·
283 2514 495 2566 veniat-⁹
560 2513 896 2579 Symmachus
948 2514 1116 2577 Epist.
1155 2529 1220 2563 ιι.
1261 2520 1343 2565 67.

279 2594 295 2621 6
317 2592 482 2642 Facili
508 2592 697 2643 itinere
720 2590 785 2639 ad
809 2591 1073 2640 destinata
1105 2591 1344 2653 perveni-

278 2670 429 2721 mus!
502 2670 671 2733 Epist.
707 2681 797 2717 ιιι.
841 2670 923 2717 62.
961 2672 1018 2715 et
1055 2668 1223 2730 Epist.
1264 2680 1346 2716 ιιι.

277 2752 360 2798 73.
424 2747 627 2810 Deilla
649 2747 792 2796 vocis
830 2744 1156 2795 ‘destinare'
1190 2747 1347 2810 signi·

277 2821 528 2874 ficatione
573 2822 685 2886 agit
730 2822 976 2871 Barthius
1015 2822 1082 2872 ad
1121 2824 1346 2873 Statium

277 2900 441 2951 Theb.
468 2913 598 2950 vlu.
619 2903 737 2950 438.
775 2905 830 2948 et
860 2899 1058 2949 Savaro
1079 2898 1146 2949 ad
1169 2899 1346 2951 Sidon.

278 2976 449 3041 Epist.
473 2991 512 3025 1.
537 2981 586 3026 2.
618 2976 795 3025 Arutz.

279 3090 290 3100 .
342 3056 424 3119 §5
456 3053 748 3119 Reipublicae
766 3053 1015 3116 ger-ende]
1050 3053 1228 3104 Nihilo
1251 3067 1344 3117 pe·

270 3131 360 3193 jus
386 3132 522 3184 Mas.
566 3130 840 3194 reipublicae
860 3133 1097 3192 regende.
1151 3130 1345 3182 Grute-

280 3226 384 3260 rus.
472 3211 646 3259 Priori
703 3209 942 3259 membro
1004 3209 1077 3258 nil
1141 3209 1348 3260 variant

276 3286 409 3336 Mas.
449 3294 507 3335 et
545 3286 758 3335 Paullus
800 3288 1096 3336 Diaconus:
1134 3285 1223 3334 sed
1250 3300 1344 3348 pro

275 3365 523 3425 gei-eadat,
545 3366 765 3425 regendae
787 3361 964 3413 Guelf.
989 3370 1043 3411 et
1070 3369 1235 3413 totam
1258 3377 1346 3412 vo·

277 3455 392 3489 cent
428 3442 637 3504 ignorat
673 3440 824 3489 Leid.
844 3444 895 3489 2.
958 3439 1174 3488 Scilicet
1211 3439 1342 3489 inso-

276 3516 468 3564 lentius
515 3516 724 3565 librario
769 3515 1044 3564 videbatur
1097 3515 1341 3580 loquendi

277 3607 447 3655 genus
479 3594 690 3655 ‘gerere
725 3591 922 3655 remp.'
957 3591 1179 3657 ideoque
1217 3593 1344 3642 illud

275 3670 330 3718 in
367 3669 620 3720 notiorem
660 3672 825 3720 multo
861 3669 1070 3731 phrasin
1109 3672 1348 3734 mutavit,

278 3758 382 3808 quo
407 3751 580 3812 tamen
604 3746 794 3794 auxilio
826 3745 1167 3807 potuissemus
1191 3743 1344 3796 facile

274 3834 474 3869 carere.
541 3822 849 3884 Spartianus
889 3821 939 3869 in
981 3821 1111 3869 AElio
1134 3823 1274 3871 Vero
1299 3836 1346 3871 c.

275 3901 327 3946 3.
356 3900 371 3925 6
391 3898 544 3957 Ειιιιι,
562 3912 712 3963 quem
730 3912 829 3947 non
848 3898 1063 3946 multum
1087 3895 1151 3944 ad
1177 3911 1342 3959 remp.

276 3975 561 4039 gerendam
598 3974 859 4039 probaret,
897 3976 965 4022 ob
1004 3973 1103 4021 hoc
1141 3980 1344 4024 tantum

275 4051 590 4116 adoptasse)
645 4050 971 4113 Lampridius
994 4052 1046 4100 in
1066 4050 1218 4101 Alex.
1252 4051 1345 4101 Se-

279 4143 402 4177 vero
448 4143 566 4192 cap.
607 4133 690 4177 46.
767 4129 783 4155 6
811 4130 914 4177 Eos
968 4142 1085 4177 esse
1141 4140 1344 4191 promo-

280 4205 497 4260 vendos,
519 4206 605 4270 qui
630 4220 724 4266 per
745 4220 801 4254 se
830 4218 996 4267 remp.
1020 4218 1204 4268 gerere
1225 4219 1343 4268 pos·

276 4282 432 4331 aeut?
493 4282 731 4333 Justinus
778 4296 904 4332 ιιι.
946 4286 997 4331 2.
1041 4283 1069 4347 §
1108 4285 1158 4331 3.
1205 4283 1344 4337 ‘Per

275 4360 373 4411 hos
395 4373 476 4412 ren
501 4359 1005 4425 Carthaginiensium
1028 4374 1093 4412 ea
1116 4367 1338 4426 tempes-

2359 368 2491 442 847

1427 527 1543 576 tate
1586 520 1941 586 gorch-mur:
2004 521 2369 594 Huncqlocum
2403 540 2493 576 eo-

1426 597 1548 647 dem
1583 597 1735 649 modo
1767 600 2046 650 emendare
2069 610 2288 654 conatur
2310 604 2494 652 Schef·

1425 673 1757 739 ferus,cnjus
1803 684 1974 727 tamen
2012 677 2403 742 emendationes
2437 681 2492 730 in

1426 766 1490 801 eo
1513 752 1769 815 scriptore
1792 769 1896 804 non
1922 769 2127 818 semper
2151 755 2332 806 eadem
2365 756 2493 806 faci·
2563 779 2566 784 ·

1425 828 1579 878 litate
1606 830 1908 892 procedunt.
1973 832 2288 895 Pomponius
2321 834 2354 882 l.
2377 837 2426 884 2.
2461 836 2491 898 ξ

1424 909 1474 955 2.
1495 904 1564 955 de
1591 905 1739 969 Orig.
1759 906 1812 958 J.
1845 909 1861 936 6
1884 909 2107 957 Senatus
2132 923 2235 958 nou
2273 910 2492 971 perinde

1426 998 1606 1034 omnes
1633 986 1928 1047 provincias
1953 985 2115 1048 probe
2138 1001 2319 1049 gerere
2345 995 2494 1050 pote·

1425 1058 1560 1109 ratz’
1592 1059 1679 1108 ubi
1716 1061 1874 1109 etiam
1908 1076 2074 1123 regere
2097 1062 2493 1111 voluerat‘Mu·

1426 1142 1591 1196 retus,
1614 1137 1704 1185 sed
1743 1138 1968 1199 priorem
2004 1136 2279 1186 lectionem
2308 1138 2494 1188 merito

1425 1209 1664 1262 defendit
1709 1213 1954 1275 Cujacius
2001 1211 2068 1261 ad
2119 1213 2255 1260 illam
2305 1214 2494 1275 legem,

1424 1294 1480 1336 et
1512 1288 1886 1348 elegantiarum
1923 1289 2263 1353 peritissimus
2304 1292 2493 1340 vindex

1423 1362 1890 1427 Bynkershoekius
1930 1367 2204 1416 Proeterm.
2240 1366 2306 1416 de
2342 1367 2409 1418 Ο.
2439 1368 2497 1420 J.

1422 1454 1478 1503 p.
1505 1446 1589 1492 38.
1653 1445 1874 1495 Quoties
1894 1444 1985 1492 has
2011 1458 2162 1493 voces
2195 1446 2493 1507 corruperit

1423 1516 1640 1567 indocta
1676 1520 1967 1576 nationum
2003 1534 2134 1580 opus
2171 1529 2254 1567 est
2285 1519 2492 1569 (luere.

1421 1592 1637 1657 Inspice
1663 1603 1840 1644 tamen
1866 1595 2286 1645 Brouekhusium
2317 1597 2498 1646 adri·

1423 1668 1549 1718 buli.
1597 1670 1682 1722 El.
1722 1685 1811 1721 ιιι.
1848 1676 1900 1721 3.
1946 1686 2022 1719 vs.
2067 1675 2149 1720 22.
2197 1671 2375 1720 Davis.
2421 1671 2489 1720 ad

1424 1746 1626 1795 emar.
1657 1761 1713 1799 v.
1753 1752 1836 1797 17.
1871 1751 1900 1813 ς
1931 1752 1979 1798 2.
2013 1747 2244 1800 cossium
2281 1749 2348 1796 ad
2380 1749 2493 1797 Sal-

1422 1823 1550 1872 lust.
1570 1822 1698 1884 Jugt
1731 1838 1780 1874 c.
1811 1828 1895 1873 ⁵8.
1932 1826 2034 1887 §ck
2066 1832 2120 1871 et
2146 1822 2487 1887 Oudendorp.

1421 1896 1489 1945 ad
1532 1899 1726 1949 Lucan.
1761 1913 1843 1948 ιν.
1880 1903 1994 1948 662.
2064 1899 2359 1960 Neglegerel
2395 1914 2490 1947 ex-

1422 1974 1600 2037 primit
1622 1975 1811 2025 deinde
1836 1965 2011 2025 Guelf.'
2048 1984 2104 2024 et
2139 1977 2374 2040 sequenti
2401 1990 2490 2025 ca·

1422 2052 1536 2116 pite
1595 2053 1916 2116 intellegimus
1961 2056 2084 2118 (non
2139 2054 2489 2117 intellegamus,

1421 2139 1480 2179 ut
1516 2132 1696 2182 scribit
1739 2131 2003 2193 Schottus)
2038 2131 2174 2181 idem
2209 2133 2324 2181 cod.
2366 2148 2487 2183 cum

1420 2206 1568 2256 Leid.
1613 2212 1660 2257 1.
1715 2208 1954 2257 Vetustae
2000 2207 2122 2257 edd.
2158 2208 2489 2269 intelligi-mus.

1419 2282 1518 2333 Illa
1551 2285 1809 2349 scriptura
1842 2292 2015 2335 exstat
2051 2285 2102 2332 in
2126 2284 2249 2348 ipsis
2272 2283 2329 2334 ff.
2367 2286 2488 2335 Flo-

1420 2359 1657 2424 rentinis,
1694 2369 1802 2410 tum
1848 2362 1987 2423 apud
2032 2361 2177 2415 alios,
2222 2368 2280 2409 nt
2318 2361 2488 2425 Vege-

1421 2436 1548 2485 tinm
1594 2436 1661 2487 de
1708 2437 1790 2487 Re
1835 2438 1991 2486 Milit.
2033 2451 2073 2485 ι.
2114 2441 2165 2485 3.
2218 2437 2234 2463 6
2271 2436 2487 2486 Umbrae

1419 2515 1715 2576 neglegens,
1740 2513 1774 2570 ⁹,
1812 2516 1887 2563 uti
1938 2515 2105 2564 edidit
2157 2514 2484 2564 Scriverius:

1420 2589 1661 2641 Scribon.
1690 2592 1911 2653 Largum
1937 2606 2106 2654 comp.
2132 2593 2244 2639 103.
2275 2597 2290 2617 ‘
2311 2589 2485 2638 Unus·

1420 2668 1641 2731 quisque
1688 2666 2003 2730 intellegit?
2056 2676 2111 2722 et
2154 2681 2323 2728 comp.
2368 2671 2486 2717 122.

1422 2745 1534 2794 ‘Ut
1569 2746 1893 2808 intellegant.
1897 2744 1912 2765 '
1975 2744 2114 2793 Vide
2152 2744 2349 2806 Dausq.
2383 2744 2487 2793 Or·

1422 2820 1592 2883 thogr.
1620 2833 1750 2883 part.
1775 2836 1838 2871 ιι.
1864 2837 1917 2884 p.
1942 2825 2052 2870 167.
2073 2827 2129 2868 et
2150 2823 2265 2868 209.
2310 2818 2487 2868 Corti-

1420 2911 1504 2948 um
1531 2900 1595 2946 ad
1618 2898 1742 2947 Sall.
1770 2899 1924 2949 Catil.
1965 2912 2011 2947 c·
2036 2901 2116 2947 10.
2150 2900 2251 2961 §40
2273 2895 2397 2959 Jug.
2434 2910 2485 2946 c.

1420 2976 1503 3022 30.
1528 2975 1661 3036 §22
1693 2977 1863 3023 Aruiz.

1484 3052 1510 3113 ᾧ
1537 3055 1569 3099 6
1606 3051 1833 3115 Capitur]
1867 3050 2187 3101 Concinnior
2209 3050 2309 3098 erit
2326 3064 2485 3101 mem·

1419 3124 1628 3176 brorum
1668 3129 1967 3190 similitudo,
2005 3129 2047 3175 si
2082 3127 2312 3190 legamus
2345 3142 2485 3190 cape-

1418 3209 1570 3253 retur.
1627 3204 1771 3268 Syll».
1849 3205 1952 3252 Sed
1997 3205 2127 3253 Mss.
2170 3202 2295 3265 capi,
2343 3203 2486 3266 quod

1420 3281 1601 3343 placet
1637 3297 1744 3345 prae
1768 3282 1943 3344 editis,
1964 3282 2050 3347 qui
2074 3294 2251 3331 omnes
2274 3281 2483 3344 cupitur.

1423 3357 1529 3406 Per
1569 3359 1987 3423 conjunctionem
2026 3357 2259 3406 diversos
2304 3353 2484 3407 modos

1420 3435 1663 3498 conjungi
1687 3443 1886 3485 certum
1907 3445 2010 3497 est,
2032 3441 2087 3484 et
2108 3433 2224 3483 vide
2243 3434 2486 3486 Perizon-

1420 3512 1484 3560 ad
1510 3514 1777 3566 Satictium
1803 3529 1843 3564 ι.
1867 3518 1946 3563 18.
1969 3516 1997 3578 §
2020 3518 2067 3564 1.
2134 3512 2406 3565 Quomodo
2430 3512 2485 3561 iu

1419 3589 1617 3651 scripto
1664 3590 1783 3638 cod.
1831 3591 1999 3654 reperi
2051 3588 2189 3651 apud
2231 3589 2482 3637 Senecam

1420 3664 1607 3713 Phoen.
1632 3680 1707 3713 vs.
1728 3669 1844 3715 291.
1876 3672 1890 3693 ·
1915 3666 1995 3713 Τιι
2019 3664 2145 3725 inpii
2171 3663 2294 3711 belli
2318 3664 2482 3711 minas

1420 3739 1621 3791 Averte
1644 3743 1808 3798 vivus,
1848 3751 2008 3805 tuque
2045 3739 2295 3790 vecordes
2333 3747 2483 3801 potes
2525 3750 2530 3754 ’

1419 3818 1665 3867 Inltibere
1686 3819 1947 3881 juvenes!
2014 3818 2277 3881 Caper-elur
2314 3823 2484 3882 tamen

1418 3894 1549 3956 legit
1570 3894 1781 3946 Paullus
1809 3896 2090 3950 Diaconus,
2113 3893 2203 3943 sed
2228 3893 2317 3942 ille
2348 3892 2486 3941 solet

1423 3971 1548 4019 talia
1569 3980 1790 4027 mutare,
1822 3987 1936 4037 quae
1973 3970 2070 4020 sibi
2108 3969 2317 4017 duriora
2340 3966 2485 4016 vide·

1421 4046 1631 4099 bantur.
1657 4047 1834 4098 Arutz.

1416 4167 1419 4170 .
1483 4124 1667 4173 Eodem
1706 4124 1894 4188 liubila]
1938 4120 2163 4171 Habitus
2206 4120 2483 4183 cultusque

1398 4200 1695 4251 ‘insolentia
1728 4207 1884 4266 atque
1915 4197 2241 4248 immodestia
2274 4212 2484 4261 semper

1419 4277 1602 4356 odi-osa
1618 4294 1635 4339 ς
1654 4277 1834 4327 odiosa
1850 4284 1906 4326 et
1923 4275 2145 4326 Caecinae
2163 4274 2298 4338 apud
2325 4274 2483 4324 Corn.

1420 4355 1678 4410 Tacitum,
1713 4353 1920 4406 Histor-
1970 4352 2225 4419 Augustae
2295 4351 2372 4402 lib
2414 4364 2482 4403 ιι.
