3025 4934
545 407 828 458 AUREL.
863 405 1060 456 Vlss'l'.
1107 402 1335 454 VIROS
1380 400 1739 452 mnusnt.
1787 403 1952 452 cAP.
2000 402 2184 454 bxv,

271 552 395 603 rium
426 550 491 603 ad
526 551 714 616 virgil.
747 551 861 603 Ecl.
885 554 1053 602 11067.
1073 550 1308 614 Lipsiurn

271 633 333 682 sd
353 633 531 683 Senec-
569 632 776 682 Consol.
802 630 867 681 ad
894 630 1133 681 Helviam
1157 643 1204 680 c.
1232 633 1315 679 12.

273 707 492 758 Gronov.
512 707 579 757 sd
600 708 713 758 Liv.
739 719 829 757 ιιι.
852 710 931 756 88.
956 720 1033 755 rv.
1049 710 1131 756 29.
1154 715 1208 755 et
1231 711 1313 756 52.

268 792 322 834 et
336 797 515 834 xxvn.
539 789 621 834 10.
639 799 754 842 cum
774 783 1015 835 Oudeud.
1034 783 1100 834 ad
1116 783 1314 834 Lucan.

269 873 306 908 1.
320 864 427 910 335.
447 859 627 910 Arnis-

328 940 355 1003 §
377 944 407 989 2
429 938 708 1004 Asculano]
735 937 888 991 Quod
912 937 1164 988 Asculum
1200 938 1315 1002 ejus

269 1028 413 1064 causa
433 1013 706 1065 defecerat
744 1015 796 1063 in
826 1014 965 1064 bello
987 1014 1182 1065 sociali.
1201 1014 1316 1065 Ma·

272 1090 396 1139 chun.

329 1168 651 1233 Fregellanus]
674 1166 829 1219 Quod
868 1165 1121 1229 Fregelloe
1157 1166 1317 1217 etiarn

274 1244 376 1307 ejus
398 1257 580 1294 caussa
606 1242 914 1295 defecerant
942 1243 995 1294 iu
1019 1243 1159 1294 bello
1184 1243 1317 1294 soci·

277 1320 354 1369 sli.
374 1320 537 1369 Maeli.

327 1398 403 1461 §4
429 1396 752 1461 Trina-viros]
786 1396 915 1448 Μαι.
945 1410 1041 1459 pro
1081 1394 1320 1446 fflamei·

270 1486 342 1523 ros
390 1473 585 1526 habent
644 1474 872 1524 Τήὸιωηι
921 1475 1053 1524 eii-os
1111 1473 1319 1524 vitiose.

273 1550 475 1601 Sallust.
503 1552 752 1618 Jugurth.
787 1552 881 1602 ‘O-
903 1551 1197 1602 Gracchum
1229 1551 1319 1599 tri·

272 1628 512 1678 umvirum
536 1629 757 1679 coloniis
778 1628 1097 1679 deducendis
1125 1627 1324 1679 occidit

274 1703 543 1767 Opimius.'
563 1706 755 1755 Schott.

350 1781 407 1830 G.
451 1779 709 1844 Crassum]
768 1783 827 1832 C.
873 1782 1098 1832 Orosium
1151 1778 1323 1831 codex

273 1856 493 1909 Graium.
530 1860 751 1909 Gorsium
772 1858 995 1923 Agripp.
1016 1858 1182 1909 ceteri
1201 1857 1325 1907 nihil

272 1934 480 1999 variant,
536 1936 638 1984 nisi
691 1934 828 2000 quod
878 1934 1057 1985 Guium
1102 1935 1325 1984 &amm

271 2011 492 2060 nominet
523 2012 683 2061 Frsn.
751 2012 864 2074 Ego
889 2012 956 2061 de
989 2011 1090 2060 hoc
1118 2011 1325 2061 homine

276 2085 388 2136 nibil
410 2096 737 2152 compertum
761 2087 962 2138 habeor
997 2096 1054 2136 et
1090 2101 1190 2137 non
1228 2101 1327 2136 uns

268 2169 349 2211 cst
388 2164 655 2213 sententia
708 2171 943 2213 veterum
991 2163 1058 2213 de
1099 2164 1197 2219 his,
1239 2163 1327 2227 qui

271 2240 397 2301 agris
418 2238 721 2288 dividundis
745 2240 910 2289 creati
922 2237 1152 2291 fuerunt.
1190 2241 1328 2291 Vide

167 2385 172 2392 ·
272 2313 487 2380 Schegk.
509 2314 580 2365 ad
603 2316 737 2365 Veli.
762 2330 825 2365 rr.
846 2320 897 2368 6.
914 2318 942 2381 §
959 2320 1011 2366 4.
1026 2317 1201 2367 Arate.

331 2391 403 2454 §5
430 2392 738 2458 Abrogonte]
775 2400 790 2423 ⁶
810 2392 1140 2457 Abrogatur’
1167 2394 1252 2442 lex
1276 2392 1328 2441 in

274 2471 485 2532 totum,·‘
506 2470 796 2535 derogatur
811 2470 825 2492 '
849 2471 901 2519 in
927 2479 1147 2533 partem.
1168 2471 1333 2521 Mach-

272 2543 563 2608 Abrogoente,
601 2546 772 2596 malim
828 2547 1102 2609 abrogante,
1153 2556 1213 2596 ut
1246 2545 1330 2596 liic

163 2693 170 2697 ,
274 2618 395 2670 Mss.
415 2624 622 2688 legunt,
644 2631 700 2673 et
722 2622 857 2674 iufra
881 2625 931 2673 in
949 2623 1215 2687 Appuleio
1238 2624 1331 2674 Sa·

275 2700 492 2749 turnino.
564 2701 704 2752 Quid
728 2702 798 2751 sit
813 2709 985 2751 autern
1004 2701 1022 2730 ‘
1041 2699 1333 2766 οὔνομα(

272 2773 592 2841 ‘abrogare,'
635 2784 649 2806 ⁸
667 2777 963 2842 ἀπομι-εξ
997 2780 1097 2828 ἀρ.
1120 2777 1333 2829 docebit

281 2858 330 2899 te
349 2852 610 2917 Ulpianus
631 2855 684 2906 J.
707 2854 769 2905 C.
835 2854 974 2907 Quid
1002 2857 1043 2904 si
1075 2855 1203 2917 leges
1235 2854 1335 2917 ejas

275 2927 533 2992 abrogante
548 2946 769 2995 reponas
786 2947 854 2982 ex
874 2933 1048 2985 Orosii
1069 2934 1104 2982 l.
1117 2947 1172 2982 v.
1186 2947 1234 2982 c.
1255 2933 1339 2982 1.?

275 3002 447 3055 Dandi
477 3016 655 3056 tamen
680 3021 803 3057 casu
829 3007 966 3058 dixit
996 3007 1157 3057 Ovid.
1176 3008 1338 3062 Trist.

280 3080 365 3130 lib.
382 3096 445 3131 ιι.
479 3085 587 3133 ‘Et
622 3085 831 3134 nimium
869 3086 1081 3148 scriptis
1118 3084 1337 3147 abrogat

279 3156 362 3207 ille
401 3162 562 3209 meis:
583 3159 599 3183 ⁹
649 3162 747 3210 nisi
789 3162 906 3225 quis
938 3162 1137 3224 obrogat
1167 3164 1339 3226 legen·

282 3234 398 3285 dum
422 3238 493 3287 ibi
530 3246 767 3302 censeat,
796 3247 856 3289 ut
886 3241 1024 3301 apud
1053 3239 1257 3289 Livium
1282 3240 1335 3288 in

269 3310 402 3385 pies.
427 3316 624 3366 Petrus
648 3316 882 3366 Pithoeus
906 3317 1207 3367 observavit
1228 3316 1337 3366 An·

280 3390 376 3437 nal.
421 3391 512 3442 lib.
560 3405 646 3442 ιι.
688 3387 826 3442 ‘Ub‘i
860 3392 978 3444 duae
1010 3394 1153 3458 leges
1198 3401 1340 3456 sunt,

281 3477 477 3530 semper
516 3469 743 3532 antiqnoe
778 3469 1000 3533 obrogat
1036 3468 1204 3520 nova-³
1268 3470 1341 3519 Et

282 3539 460 3593 Cicero
493 3545 633 3608 apud
671 3547 914 3596 Lactant.
952 3545 1131 3596 Divin.
1167 3545 1342 3596 Iustit-

283 3614 367 3664 lib.
400 3631 481 3668 v1.
520 3618 730 3678 ‘Huic,’
767 3621 957 3685 inquit,
990 3622 1128 3685 ‘legi
1172 3633 1340 3685 neque

284 3690 522 3758 obrogari
558 3693 636 3744 fas
659 3704 760 3758 est,
788 3711 959 3762 neque
994 3695 1237 3759 derogari
1273 3712 1341 3747 ex

287 3781 347 3817 ea
367 3771 560 3836 aliquid
588 3769 733 3830 licet,
772 3787 939 3837 neque
964 3782 1077 3824 tota
1105 3773 1345 3839 abrogari

286 3848 498 3906 potesta
529 3848 774 3900 Selwttas.
837 3852 1034 3901 Tamen
1072 3859 1341 3916 receptam

285 3921 551 3975 lectionem
574 3940 691 3976 curn
714 3928 943 3993 antiquis
978 3928 1099 3979 edd.
1128 3937 1345 3988 tuentur

289 4014 460 4060 ornnes
482 4004 684 4068 scripti,
717 4019 879 4069 quare
912 4020 1024 4055 eam
1049 4008 1345 4070 exprimere

221 4145 227 4152 ,
288 4080 456 4136 malui,
479 4082 767 4144 praesertim
792 4095 910 4130 curn
934 4082 1132 4131 Noster
1155 4096 1257 4130 non
1277 4081 1348 4131 sit

291 4153 414 4204 adeo
436 4158 772 4221 proprietatis
801 4157 1089 4219 studiosus,
1123 4164 1179 4207 et
1209 4157 1349 4207 dati·

292 4243 400 4281 vum
423 4235 543 4294 huic
574 4234 736 4285 verbo
765 4233 887 4284 addi
919 4234 1156 4284 docuerit
1180 4236 1259 4283 vir
1282 4233 1349 4283 de

295 4311 421 4359 omni
444 4312 753 4376 posteritate
782 4313 988 4378 egregie
1020 4311 1235 4363 meritus
1263 4310 1349 4361 Pi·

1386 548 1558 598 tboeus
1601 545 1668 598 ad
1714 546 1848 602 coll.
1890 546 2094 618 Legum
2132 546 2356 598 Mosaic.
2397 555 2456 598 et

1389 624 1613 674 Roman.
1657 624 1740 674 tit.
1775 636 1856 673 tv·
1891 625 1920 687 ς
1967 627 2017 673 2.
2049 630 2105 673 et
2147 624 2348 673 Duker.
2380 624 2452 675 sd

1391 703 1529 753 Flor-
1551 715 1589 752 ι.
1614 705 1665 753 9.
1687 703 1715 767 §
1738 705 1788 751 8.
1837 713 1924 751 ιιι.
1947 706 2029 751 15.
2049 704 2078 766 ς
2102 705 2154 751 4.
2176 709 2230 750 et
2251 714 2302 751 c.
2323 702 2448 766 1⁶1.§

1388 784 1441 831 8.
1460 778 1641 830 Arnts.
2119 835 2137 852 .

1455 854 1699 919 Auritina]
1721 853 1804 916 ΙῙιι
1836 852 1968 903 Mss.
1999 852 2153 917 louge
2189 850 2330 902 aliud
2363 865 2457 901 no-

1390 946 1532 994 rnen,
1562 932 1755 997 partim
1787 929 2078 989 Anieuuirts,
2109 928 2302 991 partim
2331 929 2458 977 Ani-

1390 1008 1577 1073 tttllins,
1622 1008 1709 1073 qui
1756 1007 2039 1057 Plutarcho
2080 1012 2094 1036 ‘
2113 1003 2460 1069 Anticyllins’

1392 1092 1508 1136 est:
1559 1099 1593 1149 y
1641 1090 1813 1134 sutem
1857 1090 1917 1132 ut
1951 1097 1984 1132 rt
2024 1081 2285 1132 Gallicum
2338 1095 2458 1145 pro-

1392 1161 1623 1215 nuntiari
1647 1162 1852 1212 solitum
1876 1159 2092 1209 Verrius
2115 1159 2331 1208 Flaccus
2353 1170 2459 1207 eoe·

1393 1240 1600 1303 terique
1620 1239 1922 1288 literatores
1948 1235 2243 1286 tradidere.‘
2270 1233 2461 1284 Semi.

1391 1313 1680 1367 Ἀπόλλων
1712 1315 1848 1364 bunc
1883 1326 2175 1378 praeconem
2224 1309 2463 1373 appellat

1396 1393 1713 1445 Plutarchus
1743 1392 1801 1440 in
1821 1390 2048 1441 Gracch.
2073 1405 2126 1453 p.
2167 1391 2284 1439 840.
2304 1394 2360 1437 et
2383 1387 2461 1437 sic

1394 1468 1602 1520 Fabric.
1625 1469 1690 1518 sd
1716 1468 1872 1518 Oros.
1896 1481 1952 1517 v·
1977 1470 2059 1516 12.
2082 1464 2256 1516 Ames-

1460 1542 1665 1608 Proeeo]
1716 1544 1960 1596 Tubicen
2012 1557 2044 1593 a
2103 1540 2460 1607 praecinendo.

1395 1621 1712 1672 Plutarchus
1734 1623 1846 1671 vult
1877 1619 2037 1670 fuisse
2065 1619 2355 1667 ministrum
2385 1616 2463 1665 in·

1397 1698 1598 1750 testinis
1627 1696 1917 1748 ferentem:
1952 1703 2011 1747 et
2032 1696 2151 1761 quia
2175 1694 2309 1743 dixit
2342 1699 2463 1744 ‘ce-

1396 1775 1508 1826 dite
1547 1775 1698 1825 bonis
1734 1774 1936 1824 civibus
1978 1771 2138 1834 mali‚'
2174 1771 2463 1821 brachium-

1398 1853 1576 1917 quein
1600 1853 1900 1902 obscoenum
1936 1851 2146 1902 modurn
2171 1851 2398 1914 intorsit,
2434 1864 2466 1900 a

1398 1931 1695 1982 fautoribus
1722 1931 1952 1982 Gracchi
1975 1929 2332 1981 interfectum.
2353 1930 2467 1979 Mo·

1398 2007 1542 2058 chan.

1469 2088 1754 2138 concionem
1773 2085 2014 2150 avocavit]
2038 2085 2300 2150 Cupiebst
2320 2098 2376 2134 se
2400 2084 2466 2134 de

1401 2164 1551 2214 coede
1571 2179 1813 2228 purgare,
1839 2179 2015 2214 verum
2040 2179 2068 2213 s
2094 2162 2465 2213 nominandi·-

1401 2241 1599 2292 cntiam
1623 2241 1818 2291 habens
1842 2240 1988 2291 abiit.
2012 2240 2182 2289 Maeli.
2247 2238 2367 2289 Non
2391 2235 2470 2287 fe-

1398 2325 1521 2368 runt
1544 2332 1724 2369 vocem
1748 2319 1966 2369 avocavit
1991 2319 2145 2368 Fran.
2172 2324 2227 2367 et
2248 2316 2398 2367 Leid.
2418 2319 2470 2365 ².

1402 2408 1620 2457 quorum
1665 2395 1749 2445 bic
1790 2395 2058 2455 advocavit,
2092 2395 2180 2443 ille
2224 2391 2472 2443 annotavit

1403 2468 1555 2519 nobis
1578 2468 1882 2520 obtrudunt.
1947 2470 2087 2523 Quid
2112 2472 2181 2520 sit
2220 2478 2471 2520 ‘avocare

1403 2546 1710 2596 concionem
1728 2547 1743 2572 '
1796 2547 1989 2598 dudum
2043 2548 2336 2598 docueruut
2369 2545 2472 2595 viri

1405 2620 1570 2672 docti.
1613 2620 1807 2672 Confer
1837 2624 2063 2674 Turneb.
2097 2624 2319 2674 Advers.
2348 2635 2472 2673 xvr·

1402 2702 1488 2749 21.
1511 2706 1569 2747 et
1589 2698 1824 2750 Gronov.
1847 2700 1912 2748 sd
1939 2702 2050 2750 Liv.
2072 2714 2112 2749 ι.
2133 2706 2182 2751 6.
2205 2701 2378 2750 Ama.

1474 2777 1641 2833 Quare
1662 2777 1943 2843 arcessitus]
1971 2780 2139 2829 Recte
2164 2780 2215 2828 iu
2234 2779 2361 2829 Μαι.
2382 2792 2474 2841 qua

1405 2868 1460 2904 re
1491 2855 1784 2906 arcessitus:
1817 2855 1902 2904 ills
1927 2856 2062 2905 enim
2087 2869 2189 2904 vox
2220 2855 2331 2903 sive
2353 2867 2475 2903 eon·-

1400 2931 1649 2994 jnnctim,
1669 2930 1778 2981 sive
1794 2932 2078 2995 separatim
2103 2931 2380 2992 scribatur,
2402 2930 2477 2978 ui-

1406 3007 1478 3056 hil
1523 3009 1774 3057 interest:
1827 3008 1941 3057 hoec
1990 3022 2113 3056 vero
2152 3007 2363 3070 propria
2395 3012 2480 3055 est

1409 3083 1562 3146 hujus
1586 3084 1707 3147 loci,
1725 3090 1781 3133 et
1806 3084 1901 3141 rei,
1922 3098 2027 3147 qua
2051 3084 2118 3131 de
2141 3081 2333 3146 agitur.
2381 3081 2478 3132 vi-

1410 3158 1478 3209 de
1501 3174 1658 3223 supra
1681 3162 1735 3208 in
1759 3158 1988 3210 Fufetio.
2012 3159 2199 3208 Schott.

1473 3234 1654 3299 Lance]
1680 3235 1785 3285 Alii
1809 3234 1990 3284 Dium
2015 3235 2270 3283 scribunt.
2338 3232 2478 3284 Nam

1411 3313 1558 3363 Luna
1595 3313 1648 3361 in
1684 3313 1836 3368 coelo,
1879 3312 2050 3361 Diana
2074 3312 2126 3359 in
2162 3310 2479 3370 nemoribus,

1413 3389 1735 3450 Proserpina
1758 3389 1808 3438 iu
1833 3386 2056 3437 inferno.
2079 3387 2243 3437 Maeli.
2311 3386 2478 3437 Vete⁶

1412 3480 1499 3517 res
1521 3465 1694 3530 Luae.
1719 3466 1923 3516 Schott.
1994 3465 2192 3515 Nescio
2214 3479 2306 3514 eur
2327 3464 2481 3517 Lm

1414 3550 1622 3593 mutare
1661 3542 1887 3592 voluerit
1929 3540 2099 3592 Aldus
2142 3556 2368 3608 eumque
2401 3555 2483 3592 se-

1414 3620 1557 3671 cutiz
1600 3627 1748 3669 certe
1778 3620 1856 3670 ita
1877 3634 2056 3669 ornnes
2079 3629 2199 3670 aute
2221 3634 2339 3670 euru
2361 3616 2484 3670 edd.

1415 3695 1603 3759 scripti
1628 3697 1787 3745 nostri
1808 3704 1863 3745 et
1886 3696 2105 3746 Orosius
2128 3710 2186 3747 v«
2211 3701 2287 3747 12.
2321 3697 2338 3725 ⁴
2354 3697 2488 3746 Cum

1416 3787 1518 3837 per
1540 3772 1707 3822 aedcm
1731 3774 1895 3823 Lunoe
1917 3774 1968 3822 iu
1999 3773 2205 3823 domum
2231 3773 2487 3837 privatam

1418 3847 1813 3899 desiluissent.'‘
1864 3850 1934 3899 Et
1972 3849 2136 3899 Luuoe
2184 3850 2351 3899 eedem
2392 3862 2486 3897 seu

1420 3924 1671 3990 templum
1693 3932 1928 3976 erectum
1959 3923 2122 3974 fuisse
2146 3926 2198 3973 in
2223 3925 2486 3974 Aventino

1418 4000 1646 4051 ostendit
1681 4001 1889 4065 Lipsius
1921 4002 1986 4050 ad
2022 4001 2195 4051 Tacit.
2222 4000 2358 4049 Ann-
2386 4012 2487 4051 xv.

1420 4082 1578 4128 41.et
1593 4077 1823 4141 Neapol.
1840 4077 2082 4146 adOvid.
2096 4078 2239 4126 Fast.
2263 4089 2352 4126 ur.
2373 4078 2491 4127 884.

1421 4153 1580 4204 Publ.
1601 4154 1786 4204 Victor
1808 4169 2014 4219 quoque
2033 4154 2099 4203 de
2115 4154 2336 4218 Region.
2354 4152 2488 4203 Urb.

1424 4232 1559 4299 Reg.
1583 4244 1718 4281 xnr.
1741 4232 1758 4261 ⁶
1776 4234 2027 4295 ternplum
2051 4233 2213 4282 Lunae
2238 4230 2488 4280 iu‘Aveu·

1423 4307 1566 4360 tino'
1607 4308 1832 4361 collocat
1867 4316 1923 4359 et
1947 4309 2177 4373 Appian.
2199 4308 2337 4358 Bell.
2369 4308 2487 4358 Civ.
