3025 4934
529 357 659 423 508

527 516 618 566 Sic
662 515 826 581 Epist.
866 516 996 568 Her.
1041 530 1168 569 xm.
1204 522 1319 570 107.
1369 520 1588 574 Gruter.

527 591 669 643 Insc.
709 609 760 657 p.
797 608 938 645 an.
974 610 1115 645 num.
1145 600 1196 646 9.
1253 597 1443 649 Justin.
1467 612 1508 650 1.
1533 604 1585 652 4.

525 671 555 734 §
578 675 628 720 2.
658 671 675 699 4
701 671 803 720 Hic
830 687 923 734 per
945 686 1174 723 somnum
1199 674 1370 724 vidit.’
1403 675 1585 727 Veler.

525 746 672 795 Max.
713 761 752 796 1.
784 751 833 795 8.
865 748 979 796 init.
1025 748 1042 776 ⁴
1064 749 1300 800 Perinde
1332 763 1397 800 ac
1437 759 1614 810 tene·,

525 818 734 870 brarum
789 824 1057 888 somnique
1109 824 1248 875 nube
1296 824 1586 879 involutaz’

524 895 599 946 lta
637 895 706 946 ibi
742 897 939 959 aliquot
975 899 1175 963 scripti,
1215 915 1316 963 quo
1341 904 1497 954 modo
1529 912 1586 955 et

523 971 662 1034 apud
705 973 847 1023 Plin.
893 975 1182 1039 invenimus
1219 977 1388 1040 Epist.
1426 994 1467 1029 ι.
1504 984 1585 1031 18.

522 1048 539 1075 4
562 1047 755 1098 Scribis
778 1060 833 1098 te
855 1053 1187 1114 perterritum
1212 1055 1451 1118 somn03'
1487 1072 1583 1120 pro

521 1137 631 1187 quo
661 1123 815 1174 hodie
851 1139 954 1174 uon
988 1129 1152 1177 multo
1195 1131 1375 1179 melius
1406 1131 1585 1182 editur

519 1199 716 1249 smnio.
785 1201 1030 1251 Ceterum
1073 1211 1219 1254 recte
1264 1207 1583 1257 ‘somnium’

521 1274 715 1325 dicitur
748 1282 763 1305 ‘
784 1279 1139 1342 respondere‚’
1158 1295 1227 1330 ex
1249 1282 1398 1346 cujus
1420 1285 1582 1334 inter-

520 1352 815 1414 pretatione
861 1355 1052 1419 aliquid
1099 1354 1331 1409 futurum
1368 1362 1581 1424 conjici·

520 1435 622 1479 tur.
704 1429 858 1479 Ovid.
886 1432 1030 1482 Fast.
1051 1447 1127 1484 ιν.
1149 1437 1264 1486 651.
1307 1436 1324 1465 4
1351 1437 1452 1488 Ille
1487 1439 1579 1489 de·

520 1503 611 1565 bat
657 1507 834 1557 tacitis
882 1510 1051 1560 animo
1101 1526 1354 1575 responsa
1397 1516 1578 1578 quieto

518 1581 778 1632 Noctibus
794 1583 830 1632 ι’
848 1592 904 1634 et
921 1602 1035 1648 quae
1048 1587 1260 1651 collegit
1275 1590 1496 1643 Mueck.
1509 1593 1576 1642 ed

516 1658 664 1710 Lact.
677 1661 879 1712 Placidi
891 1665 1049 1714 Narr.
1065 1666 1191 1717 Fal).
1207 1682 1258 1731 p.
1275 1674 1389 1719 208.
1403 1670 1578 1722 Amic.

532 1779 540 1785 .
559 1735 806 1788 Summam
817 1740 1028 1806 imperii]
1041 1742 1158 1792 Hoc
1172 1752 1270 1800 est,
1284 1761 1444 1808 penes
1455 1763 1573 1799 eum

516 1814 764 1876 populum
802 1831 1048 1867 summam
1091 1817 1206 1869 fore
1236 1829 1572 1884 potestatem,

513 1904 632 1947 eum
663 1895 908 1955 populum
943 1895 996 1944 in
1038 1898 1262 1962 reliquos
1297 1900 1571 1964 imperium

510 1966 824 2020 habiturum·
860 1971 1018 2021 Nulla
1041 1974 1199 2037 igitur
1221 1976 1462 2031 hiefides
1483 1978 1571 2028 ha·

512 2042 682 2100 benda
705 2047 859 2097 codd.
881 2048 1004 2114 illis,
1022 2050 1110 2113 qni
1134 2065 1364 2102 summum
1380 2053 1574 2118 imperii

509 2130 813 2184 agnoscunt.
835 2122 1365 2192 Aliterloqnebautur
1380 2131 1573 2183 Latini.

510 2195 686 2244 Coesar
707 2198 838 2247 Bell.
864 2199 1002 2248 Gall.
1026 2214 1091 2249 11.
1113 2205 1199 2252 23.
1235 2205 1264 2267 §
1289 2208 1340 2253 4.
1373 2205 1390 2232 ⁴
1414 2206 1570 2256 Duce

508 2271 873 2339 Boguoguato,
891 2278 980 2340 qni
1004 2293 1249 2329 summam
1270 2282 1471 2345 imperii
1489 2291 1569 2332 te-

506 2349 720 2401 neuen?
768 2366 854 2404 ιιι.
880 2359 958 2406 17.
978 2357 1008 2419 §
1032 2359 1079 2406 7.
1131 2359 1148 2386 4
1170 2358 1471 2411 Praesertim
1507 2376 1571 2412 eo

460 2463 477 2485 ,
505 2422 740 2488 absente,
779 2430 1152 2494 quiwummem
1189 2435 1393 2499 imperii
1427 2443 1571 2488 teue-

506 2511 591 2553 ret
605 2504 643 2554 ι’
662 2506 788 2557 eod.
807 2508 897 2559 lib.
916 2524 1032 2574 cap.
1046 2516 1131 2564 22.
1154 2512 1271 2563 init.
1297 2527 1353 2564 v.
1368 2517 1451 2565 11.
1474 2518 1570 2580 §2

504 2593 609 2630 vn.
647 2587 730 2635 20.
766 2587 794 2650 §
824 2591 877 2636 9.
935 2589 952 2616 ⁴
974 2588 1236 2641 Summa-m
1272 2593 1478 2657 imperii
1507 2609 1567 2645 se

503 2661 743 2711 consulto
776 2663 901 2714 nulli
935 2665 1292 2718 discedentem
1326 2669 1568 2720 tradidis-

501 2732 597 2783 se?
631 2735 767 2786 adde
810 2739 931 2789 eod.
972 2741 1063 2790 lib.
1107 2749 1330 2808 θυμω.
1367 2749 1476 2811 §a
1508 2752 1567 2797 et

500 2822 615 2873 cap.
637 2817 723 2863 63.
760 2816 788 2878 §
811 2820 861 2867 5.
928 2817 1102 2867 Livius
1128 2833 1280 2870 xxu.
1303 2825 1385 2872 1⁵.
1418 2824 1436 2851 4
1459 2823 1564 2872 Pe·

501 2900 597 2936 nes
632 2902 783 2952 quem
826 2906 1025 2943 summa
1057 2896 1311 2957 equestris
1359 2895 1565 2961 imperii

500 2963 650 3012 erat-⁹
716 2967 857 3016 Vell.
877 2967 1001 3017 Pat.
1021 2982 1064 3018 ι.
1084 2972 1184 3035 ὡς
1207 2975 1258 3022 6.
1312 2971 1328 2998 4
1352 2971 1563 3023 Summa

497 3040 707 3104 imperii
731 3043 796 3092 ad
828 3047 1083 3110 ,populum
1120 3048 1404 3098 Romanum
1443 3064 1562 3113 per·

498 3114 682 3166 venir)
743 3119 891 3168 Suet.
910 3120 1096 3173 Claud.
1122 3137 1170 3172 c.
1194 3126 1291 3172 3..‘
1309 3122 1560 3175 Delata'm

497 3192 596 3242 sibi
613 3208 860 3245 summam
877 3197 1121 3261 imperii?
1155 3199 1281 3248 vid.
1296 3201 1479 3251 Brant.
1491 3201 1557 3251 ad

496 3268 691 3318 Caesar.
713 3270 827 3320 Cir.
849 3284 890 3320 ι.
912 3275 995 3322 36.
1045 3274 1192 3323 Cort.
1213 3274 1279 3324 ad
1302 3275 1471 3326 Cicer.
1491 3276 1557 3326 ed

495 3345 642 3398 Fam..
666 3358 795 3397 xm.
819 3351 984 3398 68.1et
1006 3357 1227 3400 ceteros.
1254 3343 1265 3348 ”
1293 3352 1442 3403 Ferri
1466 3368 1559 3417 po·

493 3418 696 3478 tuimet,
736 3421 778 3470 si
819 3421 1000 3472 fuisset
1036 3425 1289 3488 scriptum
1327 3442 1560 3493 summm

490 3495 759 3560 imperim,
786 3506 842 3547 ut
877 3513 963 3562 ap.
991 3499 1147 3549 Corn.
1170 3502 1367 3564 Nepot-
1391 3504 1557 3555 Phoc.

492 3585 609 3635 cap.
634 3576 684 3622 2.
735 3572 931 3638 ‘Apud
967 3590 1082 3624 eum
1117 3591 1371 3627 summum
1415 3587 1557 3632 esset

489 3646 763 3709 imperinm
798 3649 1014 3712 populi!
1076 3650 1140 3699 In
1167 3651 1399 3703 Eumene
1433 3659 1554 3705 c.’7.

490 3729 548 3771 et
571 3721 768 3784 Agesil.
802 3738 851 3773 c.
873 3728 924 3773 2.
992 3725 1111 3776 Quo
1148 3735 1302 3788 pacto
1340 3731 1442 3794 legi
1485 3745 1554 3781 ex

489 3799 700 3861 scriptis
727 3807 903 3862 posset
927 3802 1065 3864 apud
1089 3801 1240 3852 Suet.
1260 3803 1311 3853 in
1346 3806 1475 3856 Ner.
1498 3821 1552 3858 c.

487 3877 572 3927 42.
636 3874 772 3926 ‘Qui
806 3890 1059 3925 summum·
1092 3877 1365 3940 imperinm
1404 3883 1551 3933 vivus

488 3950 755 4000 amitteret
774 3949 810 3999 ι’
841 3953 996 4016 vulgo
1013 3968 1147 4003 suum
1164 3955 1549 4009 circumfertur.

490 4023 671 4074 ΑΜΖ.
1143 4071 1146 4075 .

555 4103 705 4163 Cuius
734 4102 875 4168 civis]
914 4104 1013 4160 Qun·
1038 4106 1172 4167 prius
1204 4109 1403 4171 vulgati
1438 4124 1546 4160 om-

483 4193 610 4231 nesz
636 4181 730 4230 sed
747 4184 910 4246 magis
926 4188 1008 4232 est
1030 4192 1087 4233 ut
1110 4185 1242 4247 cnjus
1261 4188 1381 4239 civis
1401 4190 1545 4253 lege·

1221 377 1441 430 ⁸01·AE
1489 379 1590 428 VA
1602 379 1897 433 mulum
1943 385 2025 434 m

1663 525 1798 589 quod
1835 526 2032 585 Livius,
2058 542 2210 593 quem
2245 533 2446 582 Noster
2478 533 2720 599 religiose

1662 603 1985 664 transcribit,
2003 605 2185 656 iisdem
2203 609 2280 658 his
2300 610 2476 660 verbis
2489 612 2608 661 usus
2632 617 2721 669 sit.

1659 679 1828 744 sitque
1871 695 2053 735 sensns
2096 684 2349 749 integrior
2403 694 2460 737 et
2507 690 2719 747 castior.

1661 756 2035 820 corrumpendi
2055 760 2155 811 loci
2180 776 2352 812 ansam
2375 764 2569 814 dedere
2585 767 2719 829 eigins

1658 839 1715 881 et
1736 831 1855 882 civis
1885 834 2024 889 inter
2056 849 2114 885 se
2150 838 2397 889 linearum
2420 839 2583 891 ductu
2605 842 2717 894 affi-

1658 921 1750 956 nes
1773 921 1943 958 voees.
1978 909 2165 963 Schett.
2597 937 2604 945 ·
2649 954 2654 957 -

1722 984 1903 1035 Bovem
1941 987 2096 1053 illam]
2138 989 2320 1039 Bos-em
2359 991 2493 1042 illam
2537 993 2717 1044 Dimuae

1658 1060 1807 1110 Leid.
1833 1067 1881 1112 1.
1965 1064 2083 1114 Non
2123 1066 2329 1115 videtur
2370 1077 2514 1123 recte
2559 1084 2715 1133 posse

1659 1137 1860 1202 abesse,
1877 1153 1994 1188 cnm
2018 1142 2281 1190 sententia
2304 1145 2549 1206 requirat.
2615 1144 2715 1194 Au-

1655 1227 1757 1277 que
1788 1215 1860 1263 ita
1889 1216 2021 1265 hanc
2048 1213 2207 1267 fnisse
2241 1219 2436 1268 oraculi
2468 1226 2715 1284 mentem,

1654 1297 1714 1337 ut
1738 1290 1922 1342 Dienae
1957 1292 2309 1354 inmolaretur‚
2339 1294 2522 1345 scribit
2552 1296 2710 1345 etiem

1653 1365 1771 1414 Vel.
1797 1367 1939 1419 Max.
1957 1380 2064 1418 vn.
2083 1373 2133 1418 8.
2154 1384 2238 1419 ex.
2257 1374 2305 1419 1.
2336 1372 2353 1400 ⁴
2377 1370 2454 1420 Ut
2480 1372 2712 1436 quisquis

1654 1454 1767 1491 eam
1787 1441 2148 1494 Aventiuiensi
2176 1445 2357 1495 Dianoe
2381 1446 2717 1496 inmolasset:

1653 1517 1789 1567 Haec
1811 1526 1912 1583 est,
1936 1534 2049 1583 ques
2086 1527 2101 1550 4
2125 1520 2295 1569 Diana
2318 1520 2577 1571 Aventina
2592 1520 2612 1547 ’
2631 1522 2712 1572 di-

1651 1594 1787 1643 citur
1804 1596 2033 1645 Martini.
2056 1597 2237 1659 Epigr.
2257 1610 2335 1646 vr.
2353 1600 2436 1646 64.
2470 1599 2486 1624 4
2504 1597 2711 1649 Laudat

1651 1669 1928 1721 Aventinae
1966 1674 2165 1722 vicinus
2199 1673 2326 1722 Sura
2354 1672 2572 1723 Diana-⁹
2637 1676 2711 1725 Et

1649 1745 1898 1810 Propert.
1926 1749 2008 1799 El.
2032 1762 2113 1799 lv.
2132 1752 2180 1798 8.
2205 1763 2341 1798 vers.
2362 1753 2443 1798 29.
2473 1752 2488 1776 4
2513 1751 2710 1814 Phyllis

1648 1821 1928 1875 Arentinae
1967 1824 2203 1889 quaedam
2242 1831 2325 1874 est
2370 1825 2541 1875 vicine
2577 1829 2708 1881 Dis·

1646 1899 1763 1948 llaes’
1794 1904 1969 1950 Arna·
2331 1942 2334 1947 .

1712 1978 1742 2040 ξ
1780 1980 1842 2026 12
1892 1979 2132 2044 Callidus]
2190 1977 2432 2044 Astutus,
2474 1994 2506 2031 e
2550 1979 2708 2034 calio:

1644 2052 1813 2102 Μαι-11.
2593 2088 2600 2095 ·

1708 2131 1738 2193 ξ
1764 2134 1825 2179 13
1859 2129 2064 2181 Latinus
2082 2130 2217 2196 dum]
2249 2133 2381 2183 Mss.
2404 2132 2548 2183 libb..
2570 2134 2707 2185 Dun-

1644 2196 1868 2256 Lntinus.
1889 2206 2092 2256 Schett.
2122 2209 2189 2257 Et
2210 2210 2283 2258 sic
2300 2209 2449 2260 Leid.
2467 2214 2515 2260 1.
2534 2212 2709 2263 Amz.

1711 2283 1739 2344 §
1760 2286 1818 2331 14
1837 2283 2095 2349 Quaesivit}
2112 2282 2383 2337 Vindicairit
2401 2285 2522 2335 Ald.
2537 2294 2593 2337 et
2606 2302 2711 2338 me·

1644 2356 1785 2406 lioris
1806 2367 1944 2408 uotae
1965 2360 2118 2411 codd.
2141 2361 2228 2410 alii
2250 2361 2537 2412 vendicavit.
2569 2364 2705 2420 Mss-

1643 2447 1769 2494 γει-ο
1789 2434 1994 2484 diverse
2015 2437 2195 2499 legunt
2216 2438 2456 2500 quesivit,
2478 2438 2703 2488 addunt·

1641 2523 1743 2573 que
1767 2510 2009 2572 Regnavit
2032 2513 2171 2562 annis
2194 2513 2395 2564 XLIV.
2488 2514 2701 2564 Deinde

1640 2598 1830 2635 norum
1856 2595 2017 2651 caput
2038 2589 2218 2638 Tulliis
2241 2589 2543 2641 inscribunt.
2594 2590 2701 2639 Mi·

1641 2673 1726 2709 ror
1769 2668 1940 2712 tamen
1980 2663 2109 2712 Mss.
2150 2672 2387 2715 extremo
2418 2665 2700 2729 Tarquinio

1640 2736 1874 2799 Superbo
1918 2737 2217 2791 adscribere
2264 2741 2515 2804 imperarit
2559 2743 2702 2792 annis

1640 2813 1760 2862 XX
1760 2814 1848 2862 XI
1856 2814 1953 2873 V.,·
1998 2831 2115 2865 cum
2169 2817 2362 2874 bivine,
2401 2817 2700 2882 Dionysius,

1638 2891 1725 2938 alii
1744 2902 1879 2940 xxv.
1900 2890 2156 2943 duntaxat
2177 2901 2468 2945 numerent.
2537 2894 2696 2944 Forte
2779 2899 2784 2903 ’

1636 2964 1963 3017 librariorum
1976 2965 2214 3017 familiari
2230 2969 2449 3018 aridacia
2469 2968 2696 3020 addendi

1633 3039 1988 3096 detruncandi
2013 3044 2222 3095 accidit.
2283 3045 2479 3094 Fateor
2500 3047 2693 3097 Euseb.

1634 3124 1691 3167 et
1714 3117 1948 3168 Cassiod.
1970 3132 2180 3173 xxxxv.
2214 3120 2287 3169 illi
2325 3122 2575 3183 tribuere,
2606 3137 2695 3172 ve·

1635 3207 1748 3242 rum
1774 3193 1929 3243 iidem
1948 3195 2127 3244 decem
2153 3209 2313 3249 annos
2328 3197 2509 3246 Servio
2522 3198 2693 3251 Tullio

1613 3269 1951 3327 ademerant.
1973 3272 2109 3335 qnod
2134 3272 2336 3322 Noster
2367 3287 2466 3322 nec
2488 3273 2568 3322 hic
2591 3288 2691 3324 nec
2769 3320 2774 3325 ,

1632 3344 1759 3395 alibi
1809 3344 1997 3397 fecisse
2054 3348 2280 3398 videtur.
2355 3350 2420 3399 In
2474 3350 2691 3405 Romulo

1633 3431 1805 3471 autem
1855 3423 2203 3488 adscripscrat
2250 3426 2498 3489 imper-adt
2548 3429 2694 3479 annis

1633 3500 1964 3555 XXXVIII.
1988 3503 2051 3552 Iu
2066 3503 2198 3563 'ran-q
2206 3502 2342 3552 uinio
2358 3504 2541 3553 Prisco
2557 3504 2693 3566 Reg-

1629 3578 1763 3628 navit
1781 3578 1923 3628 anuis
1944 3578 2249 3630 XXXVII.
2316 3579 2382 3628 In
2416 3580 2532 3629 eliis
2563 3594 2690 3631 vero

1628 3653 1854 3717 regibus,
1902 3656 2095 3716 Numa,
2146 3653 2393 3716 Hostilio,
2437 3662 2492 3704 et
2535 3654 2688 3707 Anco

1627 3733 1756 3781 nulli
1795 3745 2067 3794 regnorum
2120 3732 2320 3782 numeri
2366 3743 2692 3796 comparent.

1627 3807 1819 3858 Schott.
1864 3807 1995 3857 Cum
2017 3806 2220 3856 dicatur
2238 3813 2445 3855 exstare
2461 3808 2514 3856 in
2529 3822 2689 3859 mem-

1626 3883 1898 3937 branaceis
1917 3883 2198 3945 consilioque
2217 3883 2455 3945 quaesivit,
2472 3897 2573 3932 non
2595 3884 2687 3938 de·

1625 3944 1788 4015 behet
1839 3975 1963 4010 sene
2015 3959 2221 4008 excludi
2274 3973 2373 4008 vox
2423 3960 2684 4024 genuinam

1623 4040 1793 4103 ejecta
1815 4038 1880 4087 ab
1901 4037 1995 4099 ein,
2015 4050 2047 4084 a
2076 4035 2262 4099 quibus
2298 4036 2463 4084 minus
2487 4037 2684 4090 intelli·

1623 4120 1863 4176 geretur:
1908 4111 1985 4160 sic
2026 4125 2148 4159 sane
2188 4110 2347 4159 etiam
2394 4112 2584 4175 legitur
2624 4113 2683 4164 in

1621 4192 1749 4245 Mes.
1795 4187 2038 4237 Palatino
2062 4200 2181 4249 uno,
2202 4200 2319 4234 uam
2338 4187 2683 4249 alterscribit

485 4263 588 4322 tur,
629 4271 746 4321 cum
786 4273 852 4310 ex
889 4259 1020 4311 Mes.
1058 4264 1396 4331 auctoritate,
1430 4273 1544 4319 tum
1614 4266 1807 4334 petivit·
1851 4263 2066 4316 Gruter.
2154 4263 2357 4316 Boend.
2411 4266 2567 4325 Fran.
2622 4273 2681 4317 et
