3025 4934
526 356 661 446 8³⁰.

530 524 636 575 rat.
664 524 720 570 et
754 515 905 570 abest
932 529 996 569 ea
1032 515 1101 569 ab
1129 518 1368 572 omnibns
1406 517 1601 569 nostris

529 597 664 648 Mas.
697 610 799 645 nec
837 610 1156 660 magnopere
1188 596 1474 647 desiderari
1511 596 1603 646 ‹le-

452 721 457 726 ,
529 672 643 725 bet.
730 672 908 722 Livius
959 673 1050 723 lib.
1110 687 1276 724 xxiv.
1335 687 1450 736 cap.
1516 676 1600 724 48.

529 758 547 782 ‘
573 748 899 813 Collatisque
961 763 1110 816 equo
1164 762 1348 813 campo
1401 746 1602 813 signis?

530 839 671 876 xxv.
702 829 750 876 2.
786 832 801 855 ⁸
826 825 901 875 Ut
923 840 1024 891 qno
1050 839 1130 876 res
1155 827 1388 890 postulet
1416 838 1601 875 occur·

531 918 652 955 rere
680 902 848 953 libero
866 916 1050 968 campo
1074 902 1289 968 posset.'
1323 916 1493 953 xxix.
1517 905 1602 952 32.

529 987 546 1010 ‘
570 978 914 1044 Adeptusque
938 993 1054 1029 eam
1092 979 1398 1044 patentibus
1435 991 1601 1043 prope

532 1055 786 1119 Clupeam
811 1056 994 1107 urbem
1017 1056 1256 1121 campis?
1310 1056 1496 1106 Florus
1520 1069 1601 1105 ιν.

536 1136 620 1184 12.
641 1135 670 1199 §
693 1137 777 1184 20.
810 1133 827 1160 ‘
848 1134 1098 1184 Sarmatae
1136 1133 1439 1198 patentibus
1461 1146 1601 1183 cern·

533 1208 617 1274 pis
634 1209 966 1276 inequitant-²
990 1211 1305 1261 Claudianus
1321 1211 1462 1260 Bell.
1473 1208 1602 1259 Get.

536 1298 611 1333 vs.
645 1288 762 1335 641.
797 1292 813 1314 ⁴
839 1285 1102 1337 Cimbrica
1125 1294 1426 1350 tempestas,
1450 1286 1602 1336 alias·

534 1377 639 1427 que
663 1363 874 1413 inmissa
897 1377 995 1428 per
1023 1365 1187 1428 Alpes
1210 1364 1388 1415 Isdem
1412 1377 1612 1438 procu--⁸

535 1439 650 1490 buit
689 1438 924 1503 campis?
992 1440 1204 1490 Sallust.
1233 1439 1360 1503 Jug.
1400 1454 1450 1488 c.
1488 1442 1603 1489 101.

533 1517 563 1581 §
589 1519 670 1566 11.
688 1515 706 1543 ‘
729 1516 1102 1580 Spectaculum
1125 1516 1377 1567 horribile
1400 1516 1601 1579 campis

530 1596 866 1660 patentibusz
895 1598 1066 1663 sequi,
1087 1595 1267 1659 fugere
1290 1595 1323 1647 ε’
1341 1596 1431 1646 ubi
1455 1602 1602 1646 recto

532 1686 649 1723 eam
666 1674 1081 1738 praepositionem
1097 1673 1255 1738 ejecit
1268 1674 1499 1729 Cor-tius,
1512 1670 1603 1738 qui

535 1758 714 1802 tamen
738 1752 931 1801 nullum
958 1751 1268 1801 varietatem
1299 1749 1519 1801 adnotat
1552 1762 1601 1799 c.

537 1832 658 1878 106.
679 1829 707 1892 ς
730 1831 779 1877 3.
818 1828 903 1878 ubi
943 1828 1237 1892 reperitur,'
1258 1834 1274 1857 ‘
1302 1833 1521 1888 repente
1547 1824 1600 1873 in

532 1905 730 1969 campis
788 1905 1090 1969 patentibus
1146 1917 1260 1953 sese
1317 1899 1549 1953 ostendit
1564 1898 1600 1949 ι’

533 1981 790 2044 quomodo
824 1989 1131 2031 constanter
1170 1978 1306 2043 opud
1348 1979 1601 2030 Nostrum

532 2056 630 2109 inf.
654 2073 705 2109 c.
725 2062 810 2110 38.
832 2061 861 2124 §
882 2063 934 2109 6.
970 2066 985 2089 ⁸
1007 2059 1074 2109 Iu
1104 2058 1302 2122 campis
1334 2057 1603 2106 Veronen-

531 2137 685 2185 sibus.
728 2136 1021 2187 occiditur.'
1103 2137 1280 2189 Quare
1328 2141 1603 2197 utrumque

533 2219 682 2262 recte
712 2211 818 2262 dici
841 2220 1044 2262 certum
1077 2218 1177 2263 est.
1247 2211 1420 2261 Livius
1444 2223 1606 2259 xxiv.

455 2311 467 2328 ι
534 2292 619 2338 41.
638 2301 781 2339 xxv.
808 2293 963 2338 12.et
986 2289 1127 2338 alibi.
1176 2288 1339 2339 Ovid.
1361 2288 1501 2337 Fast.
1527 2299 1610 2335 vr..

535 2367 654 2416 722.
687 2364 884 2416 Justiu.
909 2378 991 2416 xi.
1013 2369 1064 2415 6.
1085 2367 1112 2428 §
1132 2369 1216 2415 10.
1285 2364 1366 2414 De
1401 2378 1603 2428 praepo·

535 2440 728 2490 sitione
749 2440 839 2489 illu
864 2446 1060 2490 temere
1079 2440 1279 2491 intrusa
1293 2439 1519 2489 diximus
1537 2439 1604 2489 ed

536 2517 695 2567 Viros
716 2516 956 2567 Illustres
979 2532 1028 2569 c.
1051 2522 1101 2567 2.
1137 2519 1235 2583 63.
1264 2523 1321 2589 ες
1354 2517 1605 2567 But-thius

535 2592 603 2642 ad
616 2592 840 2643 Statium
864 2594 1028 2644 Theb.
1047 2608 1128 2644 tx.
1151 2598 1268 2644 637.
1296 2592 1473 2645 Aralz.

601 2672 630 2736 §
664 2673 695 2719 3
730 2669 1016 2735 Septimius]
1053 2670 1214 2734 [Vide
1251 2672 1423 2721 Lectt.
1457 2670 1606 2735 Van]

535 2745 789 2797 Similiter
810 2747 1013 2797 Romam
1044 2762 1136 2797 seu
1173 2748 1440 2797 &nauum
1470 2746 1605 2809 reje-

544 2824 625 2889 cit
644 2825 1026 2875 Freinshemius
1050 2825 1190 2888 apud
1225 2825 1434 2874 Florum
1460 2838 1498 2874 1.
1523 2827 1606 2874 13.

534 2904 565 2967 §
587 2906 673 2953 21.
733 2903 839 2953 Sed
879 2906 985 2954 tale
1008 2904 1133 2968 quid
1155 2917 1258 2953 non
1297 2902 1606 2953 tentandum

428 3009 433 3013 -
536 2982 880 3036 coanas.
914 2984 1088 3032 Arntz.

609 3058 638 3122 §
680 3062 714 3109 4
756 3057 942 3121 Victus]
984 3058 1224 3108 Totidem
1270 3056 1448 3108 verbis
1491 3056 1608 3106 haec

540 3135 880 3201 reperiuntur
901 3136 1042 3198 apud
1067 3137 1288 3199 Eutrop.
1306 3148 1389 3184 11.
1411 3138 1491 3184 14.
1516 3134 1605 3198 qui

537 3214 697 3262 ctiam
733 3226 891 3276 supra
931 3213 1245 3275 simpliciter
1281 3214 1297 3241 ⁸
1320 3212 1607 3262 Monetarii

535 3287 591 3340 in
614 3288 741 3339 urbe
766 3284 1188 3339 rebellaverunt-⁹
1221 3289 1396 3339 Arutz.

598 3368 629 3432 ξ
651 3372 682 3416 5
717 3366 918 3415 Primus
935 3366 1060 3430 apud
1096 3367 1335 3415 Romanos
1365 3364 1607 3428 diadem]

537 3445 761 3498 Cessub.
785 3445 851 3495 ad
889 3444 1158 3507 Lamprid.
1181 3445 1466 3509 Heliogab·
1486 3455 1620 3510 cap:

535 3527 619 3573 23.
642 3520 850 3572 chiflet.
875 3521 942 3571 de
968 3521 1100 3572 Aur.
1125 3522 1173 3573 N
1181 3523 1384 3573 umism.
1404 3538 1452 3572 c.
1474 3526 1525 3572 4.
1548 3530 1608 3573 et

539 3600 825 3663 spanhem.
845 3598 912 3648 de
935 3600 1046 3649 Usu
1072 3600 1234 3649 Num.
1247 3600 1386 3649 Diss.
1410 3613 1521 3649 ιιι.
1555 3613 1607 3663 p.

537 3680 654 3727 388.
719 3675 989 3726 Cedrenus
1024 3677 1176 3740 hujus
1212 3676 1607 3726 consuetudinis

535 3761 807 3806 auctorem
863 3752 1070 3801 demum
1125 3751 1258 3802 facit
1300 3754 1606 3804 Constanti-

536 3845 659 3881 num
679 3844 696 3891 ;
718 3844 808 3878 eos
827 3828 1106 3889 conciliare
1127 3837 1349 3879 conatur
1368 3830 1607 3879 Valesius

537 3909 604 3958 ad
630 3906 888 3957 Ammian.
914 3920 1039 3956 xxi.
1074 3911 1121 3956 1.
1157 3921 1322 3969 prope
1359 3907 1473 3956 init.
1508 3922 1607 3971 ego

536 3985 712 4050 potius
735 3998 935 4034 errasse
960 3982 1288 4033 crediderim.
1321 3984 1496 4033 Arutz.

612 4062 916 4125 Gemuisque
968 4066 1016 4110 et
1060 4065 1234 4109 aurata
1278 4062 1404 4109 omni
1448 4059 1605 4123 veste]

539 4137 784 4187 Errorem
814 4138 915 4188 hoc
947 4139 1063 4187 loco
1098 4138 1284 4187 Nostri
1323 4140 1526 4188 notavit
1549 4148 1607 4190 et

538 4216 715 4277 culpat
741 4216 888 4289 Stuq.
914 4214 1328 4279 Kobierzyckius
1362 4215 1428 4265 de
1453 4217 1607 4267 Luxu

539 4288 893 4343 Romanorum
920 4304 958 4343 ι.
981 4295 1032 4342 8.
1068 4293 1321 4357 Sequenti
1361 4308 1510 4380 versu
1532 4294 1607 4343 vi-

1176 387 1181 394 ·
1228 373 1452 425 No‘rae.
1496 372 1915 425 vammum
1964 375 2050 427 nt

1672 517 1866 570 sebum
1885 532 2004 570 cum
2036 519 2256 572 schotto
2278 520 2525 574 volebant
2549 534 2729 576 omues

1678 599 1836 648 etiam
1857 598 2017 649 codd·
2046 600 2224 651 Aratz.

1740 675 1770 738 ς
1790 677 1819 723 7
1844 673 2150 739 Adspergens
2170 674 2433 740 Ιιοπιίιιαιι]
2455 678 2736 728 Diversum

1678 750 1899 801 Coesaris
1922 751 1987 801 de
2009 766 2065 802 se
2090 752 2287 804 dictum
2309 760 2505 817 exstat,
2536 755 2553 784 ‘
2574 754 2738 804 Melle

1676 840 1733 878 se
1755 827 1807 877 ln
1830 826 2039 890 Alpium
2063 828 2318 891 oppidulo
2353 830 2574 899 primum
2601 845 2738 896 esse,

1678 917 1832 968 quam
1854 904 2035 954 Romae
2053 905 2375 956 secundnm.²
2409 906 2738 957 Plutarchus.

1677 979 1924 1030 Ceterum
1959 980 2027 1030 de
2055 989 2360 1032 correctura
2396 982 2640 1047 quaedam
2674 981 2741 1032 ad

1679 1054 1949 1106 Victorem
1992 1056 2257 1120 diximus„
2285 1057 2476 1120 quibus.
2518 1058 2659 1109 adde
2701 1059 2740 1108 l.

1676 1132 1693 1160 ‘
1718 1133 1786 1183 de
1810 1134 2046 1184 omuibus
2061 1133 2077 1157 '
2101 1138 2171 1186 D.
2190 1134 2256 1184 de
2273 1134 2430 1186 Offie.
2449 1136 2673 1187 Proesid.
2686 1143 2743 1186 et

1678 1209 1713 1258 l.
1733 1210 2002 1262 unic.Cod.
2018 1210 2036 1239 ‘
2052 1212 2129 1263 Ut
2143 1212 2383 1263 omnibus
2391 1211 2500 1264 ,1ηο
2508 1212 2541 1261 .’
2553 1212 2743 1263 Schote.

1680 1288 1741 1339 Ia
1762 1289 2110 1350 Galliisfuctus
2124 1290 2310 1340 scribit
2328 1289 2481 1339 Leid.
2492 1293 2545 1339 2.
2561 1288 2742 1339 Arntz.

1741 1368 1769 1431 §
1806 1370 1837 1416 Β
1887 1367 2103 1433 Fraude]
2146 1368 2472 1431 Eutropium
2508 1373 2635 1417 sunt
2675 1366 2744 1417 ad

1677 1443 1895 1495 verbum
1950 1459 2116 1509 usque
2159 1443 2226 1493 ad
2272 1444 2570 1494 Florianum
2611 1441 2743 1505 fere,

1679 1535 1831 1585 quem
1869 1535 1985 1572 cum
2024 1520 2122 1572 hac
2160 1520 2406 1585 Epitoma
2438 1534 2743 1585 compacan-

1679 1595 1803 1648 dum
1826 1612 2031 1661 censeo,
2048 1606 2107 1649 ut
2119 1598 2556 1648 consarcinatoris
2569 1596 2743 1647 indus·

1678 1673 1779 1723 tria
1836 1675 1919 1724 vel
1965 1675 2183 1725 audacia
2238 1674 2412 1737 potius
2466 1667 2746 1737 appareat,

1677 1759 1779 1813 qua
1817 1751 2046 1801 Victoris
2080 1752 2285 1801 nomine
2318 1752 2742 1815 auctoritateque

1676 1827 2010 1880 subditicium
2051 1829 2243 1879 librum
2271 1827 2529 1880 hacteuus
2560 1829 2744 1879 obtru-

1677 1903 1767 1954 sit.
1802 1902 1993 1954 Sclaon.
2713 1943 2718 1948 .

1742 1982 1958 2031 Nomina
1987 1982 2189 2046 pertulit
2215 1980 2471 2045 adnotatu]
2528 1979 2745 2030 Pertulit

1676 2060 1905 2109 adnutum
1940 2059 2131 2125 absque
2166 2060 2357 2109 nonum
2383 2057 2519 2108 Mss.
2541 2056 2740 2121 Vopis-

1677 2151 1793 2200 cus,
1850 2139 1866 2164 ‘
1905 2136 2065 2186 breve
2119 2138 2383 2186 nominum
2411 2134 2429 2157 ’
2483 2136 2745 2198 appellat.

1678 2213 1818 2264 Hinc
1851 2213 1868 2242 ‘
1894 2214 2207 2264 breviarium
2227 2213 2244 2237 '
2280 2225 2381 2263 vox
2403 2225 2507 2262 non
2539 2212 2749 2277 inepta,

1680 2290 1875 2347 Plinio,
1899 2291 2149 2341 Suetonio
2169 2291 2224 2340 in
2247 2289 2487 2353 Augusto
2508 2302 2635 2352 cop.
2656 2288 2751 2338 ult.

1682 2368 1995 2431 Vespasiano
2031 2382 2081 2420 c.
2102 2371 2187 2419 21.
2224 2377 2283 2417 et
2315 2368 2533 2417 Seneca
2570 2366 2749 2431 Epist.

1678 2457 1881 2495 xxxrx.
1909 2444 2117 2495 usitata.
2154 2443 2342 2493 Schott.
2721 2501 2726 2506 .

1744 2520 1938 2583 Septem
1970 2517 2232 2582 mensibus]
2262 2517 2366 2569 Sex
2398 2524 2605 2569 tantum
2641 2516 2751 2568 Vo-

1679 2596 1873 2662 piscus.
1913 2597 2078 2648 Vinet.

1746 2675 1881 2724 Cn».
1915 2686 2126 2724 xxxvr.
2161 2674 2191 2742 ς
2226 2676 2259 2722 2
2290 2672 2554 2722 Exercitus
2587 2671 2749 2737 Equi·

1678 2757 1781 2801 tum
1818 2751 2056 2815 Probum]
2100 2749 2342 2799 Totidem
2379 2763 2534 2813 paene
2569 2748 2748 2798 verbis

1679 2828 1795 2878 lraec
1827 2826 2086 2892 Vopiscus
2117 2825 2377 2875 Floriano.
2438 2822 2506 2874 Τὸ
2536 2824 2749 2887 equitnm

1679 2920 1781 2955 non
1798 2912 2072 2969 comparet
2086 2905 2139 2954 in
2153 2904 2386 2968 Vopisco
2405 2920 2419 2951 z
2442 2909 2458 2933 ‘
2478 2900 2752 2959 Probum,'

1680 2984 1872 3047 inquit,
1896 2985 1912 3011 ‘
1935 2983 2102 3033 omnis
2126 2982 2385 3031 exercitus
2412 2978 2667 3044 ἱερῆα
2695 2984 2751 3029 et

1679 3075 1866 3110 vereor
1885 3074 1949 3109 ne
1970 3058 2210 3122 supersit.
2260 3056 2584 3108 Veronensis
2607 3056 2748 3106 enim

1679 3145 1735 3187 et
1758 3136 1856 3200 Cuj
1866 3137 1962 3185 scii
1993 3136 2125 3185 liber
2146 3135 2401 3199 Equitium
2419 3133 2639 3183 Probum
2660 3146 2749 3182 no·

1680 3213 1862 3270 minut,
1889 3214 2065 3262 nescio
2099 3209 2253 3277 quam
2279 3225 2424 3261 vere.
2484 3209 2752 3274 Vopiscus

1680 3290 1819 3340 enim
1843 3299 1899 3340 et
1923 3290 2064 3339 numi
2087 3290 2324 3340 veteres‘
2344 3286 2620 3339 Aurelium
2642 3286 2749 3335 Ve-

1678 3368 1862 3417 lerium
1888 3366 2117 3418 Probum
2143 3370 2159 3393 ’
2192 3366 2500 3431 appellant3
2551 3360 2750 3428 vulgati

1679 3444 1795 3496 fere
1829 3459 2009 3495 omnes
2033 3443 2389 3509 Equitantiuus.
2453 3442 2654 3497 Lector
2672 3440 2745 3490 vi-

1682 3523 1839 3572 derit.
1905 3520 2055 3572 Infra
2096 3528 2248 3582 certe
2281 3505 2346 3570 in'
2373 3518 2748 3570 Valentiniano

1680 3600 1697 3628 ‘
1721 3598 1960 3664 Equitius
1983 3595 2001 3622 ²
2031 3597 2241 3663 quidam
2273 3595 2597 3646 nominetur.
2629 3606 2745 3656 cap.

1680 3680 1765 3725 45.
1799 3677 1827 3739 §
1859 3679 1940 3724 10.
1974 3673 2163 3724 Seme.
2231 3672 2426 3722 Veron.
2456 3676 2516 3720 et
2547 3666 2748 3735 CuJaeii

1681 3752 1817 3801 liber
1853 3749 2106 3817 Equitium
2148 3747 2365 3798 Probum
2416 3753 2627 3806 vocant,
2663 3741 2745 3795 cui

1681 3823 1935 3878 lectioni*
1952 3826 2317 3890 patrocinatur
2358 3824 2533 3889 aliquo
2579 3821 2745 3877 modo.

1682 3904 1821 3971 quod
1858 3906 1911 3955 in
1948 3904 2110 3954 Probi
2142 3904 2364 3953 nummis
2397 3902 2520 3967 eqni
2547 3898 2744 3964 effigies

1680 3984 1891 4047 sculpta
1914 3983 2117 4031 visitur.
2150 3981 2385 4045 Sylburg.
2450 3981 2522 4029 Et
2543 3992 2641 4042 ego
2660 3975 2742 4025 bic

1681 4060 1906 4109 libenter
1920 4056 2267 4120 ignorantium
2289 4053 2540 4119 profiteor
2552 4052 2745 4112 meam;

1684 4145 1857 4187 tamen
1900 4150 2016 4186 eum
2052 4136 2187 4186 Mss.
2219 4133 2477 4198 Equitium
2518 4130 2739 4182 scriben-

1683 4217 1806 4265 dum
1841 4213 2040 4274 censui,
2075 4211 2119 4261 si
2157 4209 2298 4263 forte
2334 4218 2391 4261 et
2427 4210 2530 4258 hoc
2563 4216 2740 4258 nomen

1686 4292 1887 4342 tulisset
1926 4297 2047 4345 ante
2093 4287 2375 4354 inperium,
2408 4283 2548 4352 quod
2599 4281 2736 4334 nobis
