3025 4934
617 395 892 446 AUREL.
929 396 1122 444 vlo'r.
1169 396 1267 444 ΠΒ
1313 394 1752 447 oAESARmUS
1798 398 1966 458 QAP.
2015 398 2192 448 xnl.

337 549 418 587 aar
450 542 504 587 et
537 536 848 598 rudimenta,
879 552 995 587 cum
1035 552 1166 602 puer
1200 536 1377 588 admo·

333 615 445 664 dum
487 614 736 664 Parthica
778 615 927 664 lauru
964 614 1175 678 gloriam
1216 616 1377 679 patris

331 705 558 755 augeres,
582 707 699 741 cum
721 689 966 744 ferociam
980 691 1375 757 superbiamque

330 766 635 819 Parthorum
655 781 723 817 ex
747 768 980 831 proximo
1003 768 1209 820 auditus
1231 783 1376 833 mag·

328 856 392 893 uo
431 851 634 894 terrore
671 842 974 894 cohiberes.'
1056 844 1172 893 Nec
1212 845 1377 894 minus

328 921 542 983 gloriose
578 920 645 970 de
679 920 902 983 Trajano
936 920 1164 970 Martial-
1192 921 1375 985 Epigr.

329 1009 427 1046 xu-
456 1002 508 1047 8.
546 996 732 1050 ‘Dixit
764 996 987 1061 praeside
1010 997 1231 1058 gloriosa
1265 998 1376 1058 tali,

326 1072 632 1122 Parthorum
679 1087 941 1137 proceres,
977 1073 1238 1139 ducesque
1277 1074 1374 1124 Se·

324 1162 451 1211 rum,
502 1148 745 1211 Thraces,
812 1150 1154 1211 sauromatae,
1200 1149 1375 1209 Getoe,

322 1225 574 1281 Britanni,
617 1226 835 1275 Possum
880 1226 1158 1276 ostendere
1200 1227 1374 1276 Caesa·

322 1316 447 1363 rem,
477 1303 691 1354 venite?
755 1305 862 1353 Suo
894 1302 1055 1367 igitur
1086 1318 1230 1354 more
1252 1305 1374 1355 Per·

319 1396 395 1431 sas
413 1380 550 1431 dixit
574 1396 669 1446 pro
702 1380 921 1431 Parthis.
984 1371 1139 1431 Anna
1170 1381 1236 1431 ad
1257 1396 1372 1446 cap.

322 1462 399 1507 13.
433 1461 532 1523 §3.
563 1473 613 1507 c.
636 1462 715 1508 16.
749 1460 847 1523 §4
878 1460 928 1507 in
969 1458 1214 1522 Epitome
1249 1474 1299 1510 c.
1325 1464 1373 1509 1.

319 1539 415 1601 §⁸-
448 1550 570 1601 cap.
592 1537 690 1599 αξ
719 1539 801 1585 18.
826 1535 1046 1600 aliisque
1069 1535 1196 1585 locis
1220 1536 1373 1601 longo

316 1613 507 1662 ordine.
574 1612 824 1663 Quamvis
868 1611 1004 1662 bunc
1043 1627 1191 1662 usum
1229 1612 1372 1676 igno·

318 1697 489 1738 rantes
502 1702 645 1751 saepe
659 1688 870 1738 Parthos
885 1688 1205 1740 obtrnserint
1219 1689 1375 1740 libra·

317 1765 397 1824 rii.
409 1765 494 1816 nbi
515 1767 695 1816 Persas
711 1765 996 1829 scripserat
1020 1766 1130 1828 ipse
1153 1774 1335 1816 auctor
1353 1781 1374 1818 a

314 1843 386 1894 ita
427 1845 573 1908 apud
615 1845 830 1895 Sextum
875 1843 1067 1894 Rufum
1113 1844 1167 1893 in
1213 1845 1371 1895 Brev.

316 1936 429 1986 cap.
467 1927 551 1973 17.
576 1923 746 1973 iuveni
771 1923 824 1972 in
846 1923 1077 1987 scriptos
1129 1921 1218 1972 ‘Is
1252 1935 1369 1976 cum

313 2013 515 2062 pacem,
540 2000 698 2048 missa
719 2013 749 2048 a
772 1999 949 2048 Persis
982 1998 1264 2063 legatione,
1286 2012 1368 2048 ro·

314 2073 563 2138 gantur!
628 2073 799 2124 Hodie
814 2074 865 2122 in
887 2074 1129 2137 inpressis
1141 2074 1368 2138 -legimus

313 2149 541 2200 Poetais:
576 2157 632 2199 et
655 2163 702 2200 c.
726 2153 805 2198 19.
824 2151 841 2179 ‘
859 2150 1040 2200 Persae
1053 2150 1119 2198 ad
1135 2148 1369 2200 satisfac·

311 2225 501 2276 tionem
527 2232 637 2276 tam
665 2225 878 2275 audacis
916 2223 1123 2275 admissi
1160 2226 1369 2277 obsides

311 2300 610 2353 dederunt!
674 2302 791 2354 Quo
838 2302 953 2351 loco
993 2304 1152 2352 etiam
1185 2303 1370 2353 Parthi

311 2376 679 2429 circumfertur
716 2377 770 2427 iu
813 2377 1054 2442 vulgatis·
1116 2379 1369 2429 Horatius

312 2454 411 2506 od.
456 2469 497 2504 r.
533 2457 586 2503 2.
621 2458 704 2504 21.
737 2453 970 2503 ‘Audiet
994 2455 1137 2505 cives
1167 2457 1368 2507 acuisse

310 2529 528 2593 ferrum,
568 2531 687 2586 Quo
728 2544 912 2595 graves
953 2530 1133 2581 Perse
1188 2534 1368 2582 melius

308 2607 547 2670 perirent
562 2605 598 2656 ε’
632 2615 691 2656 ut
718 2614 990 2658 monuerat
1013 2607 1125 2671 jam
1159 2607 1224 2658 ad
1249 2622 1367 2659 eum

311 2683 478 2732 locum
501 2683 809 2732 Torrentius
844 2690 899 2732 et
926 2682 1265 2733 casaubonus
1302 2686 1367 2735 ad

308 2758 596 2823 Lampridii
629 2759 778 2809 Alex.
801 2759 981 2809 Sever.
1013 2774 1060 2810 c.
1081 2765 1165 2810 55.
1199 2760 1367 2811 initio.

308 2834 394 2884 De
417 2850 551 2899 pace
576 2849 698 2884 vero
719 2836 816 2888 boc
835 2835 986 2885 modo
1007 2836 1145 2885 haud
1170 2851 1285 2886 raro
1302 2837 1368 2887 ab

308 2910 508 2974 ignavis
548 2911 879 2974 Principibus
916 2917 1073 2975 emta,
1110 2926 1173 2961 ue
1205 2913 1369 2962 multa

306 3001 605 3052 congeram,
621 2987 757 3037 adde
775 2987 937 3036 solum
952 2986 1222 3037 Claudian-
1234 2988 1368 3038 Con-

308 3065 402 3114 sul.
427 3064 603 3114 stilic.
623 3076 664 3113 1.
684 3066 799 3113 209.
821 3070 837 3092 ⁸
855 3062 942 3112 Illi
961 3063 1240 3126 terribiles,
1255 3064 1368 3126 qui·

310 3138 406 3190 bus
426 3141 540 3189 otia
577 3138 804 3188 vendere
838 3153 1044 3200 semper
1072 3140 1194 3189 Mos
1233 3145 1367 3201 erat,

308 3224 363 3264 et
405 3214 551 3264 foeda
592 3215 822 3277 requiem
855 3213 1095 3264 mercede
1137 3215 1370 3278 pacisci.’

306 3293 428 3342 Non
455 3293 698 3342 absimilis
729 3301 810 3342 est
843 3292 1102 3343 correctio
1136 3292 1367 3355 ingenio·

307 3368 492 3417 nissimi
545 3369 832 3417 Burmanni
886 3369 950 3417 ad
993 3369 1153 3419 ovid.
1199 3369 1367 3431 Epist.

308 3444 441 3495 Her.
458 3460 498 3496 ι.
513 3450 562 3496 8.
585 3461 679 3511 pro
700 3452 828 3500 certe
848 3446 1172 3496 restituentis
1187 3452 1336 3509 perte
1350 3464 1368 3496 .-

306 3521 508 3586 ‘Troja
539 3523 687 3587 jacet
722 3536 820 3587 per
854 3531 929 3583 te,
964 3523 1165 3572 Danais
1204 3524 1367 3573 invisa

308 3598 531 3660 puellis?
597 3599 698 3648 Illa
742 3599 1041 3663 conjectura
1082 3598 1148 3648 de
1189 3599 1366 3651 Persis

308 3674 352 3722 si
372 3674 675 3738 recipiatur.
693 3688 915 3737 sequens
935 3676 1014 3725 ais
1032 3691 1135 3726 uon
1170 3676 1235 3726 ad
1273 3678 1365 3727 mi·

307 3750 448 3813 lites,
468 3749 562 3799 sed
584 3749 652 3799 ad
674 3749 863 3800 Persas
884 3753 988 3801 erit
1019 3751 1367 3804 referendum.

309 3824 485 3874 Amz.
679 3828 688 3833 ’
919 3850 924 3856 ·
1349 3853 1354 3858 -

373 3901 514 3952 Cae.
530 3914 637 3950 ιιι.
663 3904 693 3966 §
713 3905 738 3951 l
767 3901 900 3959 Quid
915 3902 1042 3951 caim
1059 3902 1243 3964 Nerva,
1258 3903 1368 3967 ξω]

308 3976 439 4027 Hoc
461 3983 516 4026 et
540 3978 832 4040 sequentia,
852 3990 950 4026 ceu
980 3974 1115 4026 falsa
1149 3993 1211 4028 ac
1247 3993 1368 4041 por-

306 4060 532 4107 tentosa,
547 4052 759 4115 sugillat
771 4052 1031 4117 Josepbus
1048 4062 1224 4104 noster
1239 4055 1366 4106 Sca-

308 4131 441 4194 liger
461 4133 515 4181 in
540 4130 1083 4183 Animadversiouibns
1113 4136 1365 4186 Eusebia·

308 4207 406 4267 εἰς,
426 4205 490 4256 ad
515 4220 703 4256 anuum
726 4220 987 4258 nactur.
1026 4208 1173 4259 Grac.

341 4339 348 4344 ,
376 4282 617 4348 cretensi]
657 4279 819 4335 Forte
848 4285 1100 4349 scriptum
1132 4293 1267 4352 erat,
1302 4292 1363 4340 ut

2382 386 2516 451 ’715

1451 537 1505 587 in
1531 537 1738 603 vulgata
1760 538 2053 590 Narniensi.-
2071 555 2189 591 nam
2211 540 2334 592 illud
2358 546 2517 594 mi-

1451 629 1612 677 meque
1645 630 1738 679 pro
1767 615 2013 681 magisque
2037 617 2234 667 indocti
2256 619 2437 669 scriboe
2459 627 2516 671 et

1450 692 1755 741 somnolenti
1776 692 2040 759 barpydiis
2070 694 2327 758 unguibus
2348 693 2513 745 foeda·

1451 773 1562 816 tum
1585 768 1699 831 quis
1730 782 1831 817 non
1869 769 2045 819 videt?
2074 768 2257 819 Sabate.
2325 771 2515 835 Neque

1449 841 1550 893 boc
1571 844 1623 892 iu
1646 850 1847 894 textum
1885 846 2122 909 recipere
2157 846 2413 902 dubitavi,
2437 850 2514 896 in-

1449 927 1579 983 epta
1615 922 1752 970 enim
1781 930 1863 972 est
1886 937 1983 972 vox
2011 923 2231 973 Cretensi
2247 941 2267 983 ,·
2299 932 2355 973 et
2379 925 2517 982 Nar·

1447 996 1605 1046 aiensi
1634 998 1809 1047 multis
1833 999 2064 1061 partibus
2097 1000 2331 1062 praetulit
2353 1000 2516 1049 etiam

1448 1072 1789 1137 spanhemius
1833 1073 1979 1125 Orbe
2026 1075 2176 1125 Rom.
2220 1077 2409 1125 Exere.
2445 1090 2515 1127 ιι.

1447 1152 1532 1199 22.
1555 1165 1607 1213 p.
1628 1155 1744 1200 ⁵25.
1791 1150 2013 1202 Addidit
2035 1159 2207 1202 autem
2233 1152 2516 1214 Narniensi,

1449 1234 1508 1276 ut
1546 1228 1735 1277 doceat
1774 1243 1910 1291 eum,
1945 1229 2083 1293 quod
2125 1238 2246 1277 ante
2287 1229 2515 1285 dixerat.

1447 1304 1778 1366 peregrinum
1804 1302 1979 1355 fuisse.
2012 1306 2185 1355 Aratz.

1512 1380 1542 1443 ς
1573 1383 1606 1428 2
1653 1381 1807 1437 Quod.
1829 1382 2094 1445 appellatur
2134 1380 2387 1443 Persium]
2421 1381 2510 1431 lta

1445 1456 1701 1518 scriptum
1722 1457 1924 1519 integre
1947 1457 2139 1521 absque
2165 1457 2335 1506 litura.
2385 1457 2512 1509 Nic.

1446 1532 1621 1582 Faber
1644 1532 1724 1582 vir
1745 1532 2073 1584 doctissimus
2105 1541 2427 1597 repugnante
2452 1535 2512 1583 li·

1446 1606 1542 1657 bro
1557 1608 1793 1658 Nerviam
1814 1610 2119 1673 reponebat.
2172 1610 2315 1659 Nihil
2336 1617 2513 1661 tamen

1445 1683 1676 1736 demuto.
1708 1687 1845 1736 Nam
1870 1686 1968 1736 boc
1990 1685 2162 1735 forum
2183 1688 2514 1749 quantumvis

1444 1775 1477 1811 a
1498 1761 1681 1811 Nerva
1716 1760 2017 1812 dedicatum
2055 1761 2070 1789 ‘
2097 1760 2380 1812 Nervium’
2419 1776 2511 1826 ap-

1444 1838 1627 1901 pellari
1653 1840 1904 1901 potuerit,
1926 1838 2120 1889 dictum
2146 1846 2237 1889 est
2268 1838 2284 1864 ‘
2302 1838 2514 1889 Transi-

1442 1914 1635 1963 torium
1655 1913 1690 1974 ς’
1714 1915 1848 1977 quod
1870 1914 1991 1963 inde
2014 1915 2067 1964 in
2094 1914 2193 1963 tria
2210 1913 2323 1964 fora
2345 1922 2512 1965 traus-

1440 1988 1546 2044 itus
1579 1980 1804 2053 pateret.
1870 1990 2100 2040 Persium
2135 2005 2259 2055 ergo
2292 1991 2357 2040 ab
2397 2005 2512 2054 usu,

1442 2066 1683 2117 Ner-vitun
1746 2065 1812 2117 ab
1868 2075 2102 2117 auctore.
2185 2066 2512 2131 Lampridius

1441 2141 1597 2192 Alex.
1621 2142 1818 2192 Severo
1839 2158 1854 2191 ι
1894 2149 1910 2173 ⁴
1935 2141 2000 2190 In
2023 2140 2138 2191 foro
2162 2142 2288 2191 Divi
2315 2142 2364 2191 N
2370 2155 2510 2193 ervae

1440 2219 1579 2283 quod
1601 2219 1975 2269 Transitorium
1999 2217 2226 2269 dicitnr-‚²
2270 2218 2334 2267 Iu
2356 2233 2508 2283 quar-

1442 2301 1498 2345 ta
1522 2294 1663 2345 urbis
1686 2297 1896 2360 regione
1919 2297 2143 2347 collocat
2165 2297 2229 2345 P.
2248 2297 2431 2345 Victor
2453 2304 2512 2347 et

1440 2371 1635 2421 Sextus
1660 2371 1827 2422 Rufus
1858 2374 1910 2421 iu
1949 2374 2160 2436 regione
2198 2372 2379 2436 templi
2403 2372 2508 2423 Pa-

1441 2449 1518 2497 cis
1535 2464 1652 2502 cum
1672 2452 1866 2515 templo
1881 2451 2009 2501 Divi
2028 2451 2077 2500 N
2082 2465 2240 2501 ervae.
2260 2449 2509 2511 μεθόδων

1441 2530 1499 2573 et
1553 2523 1715 2574 ὧδεῖον
1760 2525 1938 2575 Graeci
1994 2526 2277 2589 appellant,
2322 2526 2508 2576 Latine

1425 2599 1751 2664 'Methodeam
1774 2605 1829 2649 et
1855 2601 2038 2649 Odeum
2053 2617 2075 2658 ,-
2109 2600 2243 2663 quod
2276 2616 2308 2649 a
2331 2601 2508 2650 Domi-

1440 2680 1588 2727 tiano
1627 2679 1846 2742 primum
1879 2686 2227 2727 exstructumz
2269 2687 2507 2729 auctores

1442 2754 1726 2817 Eutropius
1761 2754 1850 2803 lib.
1871 2768 1977 2803 vu.
2000 2763 2257 2817 extremo,
2289 2762 2343 2803 et
2379 2756 2510 2807 Sue·

1444 2831 1615 2879 tonius
1637 2831 1940 2880 Domitiano
1963 2845 2010 2880 c.
2033 2837 2083 2883 5.
2119 2833 2311 2882 Postea
2334 2838 2349 2860 ‘
2372 2833 2508 2883 Ner-

1441 2920 1521 2955 vae
1542 2906 1556 2928 '
1576 2908 1796 2969 dictum,
1822 2909 1902 2957 vel
1941 2916 1957 2938 ⁸
1983 2910 2274 2972 Nervium‚’
2307 2927 2337 2961 a
2360 2912 2508 2961 dedi-

1441 2991 1637 3045 catore,
1660 2992 1715 3033 et
1746 2986 1761 3012 ‘
1778 2985 2153 3035 Transitorium
2173 2985 2187 3006 ’
2219 3001 2308 3036 seu
2334 2989 2507 3038 Pervi-

1440 3074 1537 3108 am.
1605 3061 1787 3111 Certat
1810 3061 1969 3124 igitur
1993 3062 2060 3111 de
2085 3062 2345 3124 probitate
2370 3070 2508 3114 utra·

1441 3149 1543 3198 que
1577 3135 1752 3185 lectio.
1789 3134 1973 3185 Schot‘t.
2040 3136 2178 3185 Vide
2210 3151 2276 3186 an
2312 3140 2506 3204 aliquid

1442 3219 1674 3274 receptae
1722 3213 1935 3261 lectioni
1982 3213 2192 3263 subsidii
2233 3216 2303 3264 sit
2339 3217 2392 3265 in
2429 3217 2511 3269 his

1444 3277 1679 3336 versibus
1698 3288 1958 3338 Martialis
1974 3289 2153 3354 Epigr.
2168 3303 2223 3340 x.
2243 3296 2324 3341 28.
2341 3293 2358 3321 ‘
2376 3293 2506 3343 Per·

1443 3365 1557 3413 vius
1591 3365 1805 3428 exiguos
1827 3365 2095 3416 habitabas
2119 3374 2237 3420 ante
2259 3369 2508 3436 Penates,

1442 3441 1679 3491 Plurima
1710 3456 1813 3506 qua
1845 3443 2070 3492 medium
2096 3442 2273 3493 ‘Roma
2297 3448 2505 3498 terebat

1441 3517 1578 3567 iter!
1642 3516 1767 3583 Agit
1790 3520 1857 3567 de
1881 3520 2039 3581 huo,
2071 3522 2219 3585 cujus
2254 3524 2504 3587 templum

1439 3592 1542 3644 fuit
1576 3594 1629 3643 in
1662 3593 1779 3645 foro
1815 3596 2008 3646 Nervae
2045 3611 2134 3646 seu
2173 3601 2505 3652 transitorio:

1440 3670 1582 3720 locus
1615 3672 1696 3721 bic
1721 3673 1833 3735 jam
1866 3673 2105 3724 laudatus
2136 3684 2217 3724 est
2243 3691 2274 3723 a
2297 3676 2504 3727 Donato

1439 3748 1494 3796 in
1533 3747 1713 3796 Roma
1745 3749 1867 3799 Vet.
1906 3763 1970 3799 ιι.
2007 3753 2093 3799 23.
2130 3759 2184 3799 et
2219 3752 2398 3815 Lipsio
2433 3754 2504 3803 de

1438 3823 1619 3885 Magn..
1641 3825 1793 3875 Rom.
1816 3839 1904 3876 ιιι.
1926 3829 1978 3876 7.
2045 3827 2291 3877 Ceterum
2324 3831 2390 3878 de
2412 3830 2504 3880 ab·

1439 3898 1614 3948 dicato
1637 3914 1668 3948 a
1693 3900 1870 3950 Nerva
1897 3901 2097 3965 inperio
2129 3901 2308 3952 confer
2342 3905 2503 3958 Baul-

1439 3972 1534 4037 dry
1562 3974 1627 4023 ad
1649 3973 1929 4026 Auctorem
1953 3977 2020 4026 de
2042 3966 2265 4026 Mortib.⁸
2285 3979 2502 4031 Persec-

1438 4066 1488 4101 c.
1513 4055 1595 4101 18.
1616 4059 1672 4102 et
1690 4052 1974 4116 spanhem.
1994 4053 2062 4101 de
2085 4055 2277 4105 Praest.
2303 4065 2359 4106 et
2385 4059 2500 4111 Usu

1438 4121 1491 4179 N
1496 4129 1694 4178 umism.
1716 4141 1824 4179 ιιι.
1847 4132 1965 4179 514.
1994 4129 2174 4179 Armz.

1502 4205 1638 4255 CAP-
1655 4217 1786 4255 1111.
1823 4207 1904 4269 §3
1938 4205 2173 4269 pilentis]
2203 4207 2500 4275 Πιλοφόρους

1421 4291 1594 4334 ,vocat
1616 4281 1916 4372 ιΧὶῃιιίὶίιιιιε
1947 4298 1978 4334 e
2000 4282 2200 4348 Dione3
2233 4287 2248 4315 ‘
2274 4288 2503 4351 pilates?
