3025 4934
510 391 641 456 758

507 558 594 600 ret
607 549 654 614 Β)
692 563 788 613 per
820 549 1052 612 hyemem
1079 558 1197 614 que
1230 552 1386 601 altius
1409 551 1573 617 Alpes

508 627 670 683 levat,
716 626 1042 676 Tridentinis
1077 627 1222 690 jugis
1265 628 1321 678 in
1363 628 1572 679 Italiam

507 701 789 766 provoluti,
813 703 960 751 ruina
996 701 1409 754 descenderant!
1444 705 1575 754 Gru·

511 785 666 830 mas.

576 862 605 924 ς
628 864 662 909 6
694 860 1033 924 Potentiam]
1064 861 1187 912 Siue
1209 861 1372 912 dubio
1403 868 1460 914 et
1487 863 1575 914 hic

509 936 612 985 erit
632 937 808 999 lapsus
833 938 1173 988 librariorum.
1203 940 1379 990 Aratt-

575 1014 603 1076 §
626 1017 657 1061 7
681 1014 947 1063 Bustoram
969 1015 1128 1079 modo]
1152 1017 1295 1079 Lego
1319 1033 1332 1062 =
1358 1031 1475 1066 nam
1500 1018 1574 1067 vi·

509 1089 673 1138 tiosus
708 1090 862 1139 etiam
898 1091 993 1140 bac
1022 1091 1074 1140 in
1109 1101 1258 1155 parte
1279 1093 1412 1143 liber
1435 1097 1575 1145 cala·

509 1179 594 1213 mo
616 1174 878 1214 exaratus.
915 1167 996 1215 Ad
1019 1170 1261 1231 sepulcra
1284 1172 1573 1234 principum

508 1240 737 1289 virorum
760 1242 1104 1304 gladiatorum
1130 1245 1272 1307 paria
1308 1261 1339 1294 a
1372 1246 1573 1296 lanistis

509 1318 787 1379 committi,
811 1325 869 1368 et
905 1319 971 1368 ad
1011 1328 1239 1370 mutuam
1278 1336 1459 1373 necem
1483 1325 1574 1372 de-

506 1407 743 1456 pugnare
784 1396 953 1444 solere
1007 1410 1159 1445 nemo
1215 1397 1434 1460 ignorat,
1477 1399 1576 1448 nisi

505 1467 696 1532 hospes
719 1467 992 1518 admodum
1019 1471 1072 1520 in
1095 1473 1278 1523 literis.
1327 1474 1455 1522 Mox
1478 1490 1575 1539 pro

503 1546 809 1609 Mag-stianit,
833 1547 958 1597 licet
981 1548 1032 1596 in
1057 1549 1158 1598 Ms.
1182 1559 1473 1613 comparet,
1493 1566 1574 1600 re-

507 1636 644 1686 pone
665 1623 1066 1685 Magnentianist
1099 1640 1201 1675 nou
1232 1627 1368 1675 euim
1400 1642 1572 1691 operm

505 1699 650 1748 dicto
673 1700 942 1749 audientes
964 1708 1101 1749 sunt.
1135 1701 1320 1751 Sabou.

570 1774 772 1838 Ambos]
803 1776 1001 1839 Scripsi
1021 1779 1154 1826 curio
1172 1777 1331 1827 umbos
1347 1778 1576 1842 supplicio

507 1864 624 1901 cnm
661 1852 970 1916 spanhemio
1007 1852 1072 1902 ad
1107 1853 1308 1905 Julian.
1349 1856 1503 1906 Orat.
1533 1870 1574 1906 ι.

507 1941 563 1992 p.
586 1932 700 1978 255.
732 1928 908 1978 Amtz.

571 2007 600 2069 §
627 2008 690 2054 12
727 2005 803 2052 01>
837 2005 1095 2068 sevitium]
1147 2005 1394 2057 Scenicmn
1434 2013 1577 2072 utque

505 2083 716 2130 animum
737 2087 918 2130 trucem
940 2089 1053 2131 erat
1078 2084 1130 2130 in
1155 2093 1261 2133 vet.
1293 2084 1410 2133 cod.
1433 2085 1575 2149 quod

505 2165 776 2222 aequetur,
799 2158 886 2222 qui
911 2159 1173 2220 probabit.
1244 2160 1330 2208 De
1363 2161 1575 2212 Silvano

507 2241 684 2283 autem
709 2233 968 2282 Ammian.
990 2234 1080 2283 lib.
1102 2247 1201 2283 xv.
1236 2235 1422 2285 δώσει.

571 2312 600 2374 §
627 2313 687 2358 15
723 2311 958 2359 Pedestre
995 2313 1058 2358 ud
1093 2311 1444 2375 magisterium]
1479 2312 1576 2361 Su-

506 2400 607 2449 pra
651 2387 826 2447 paullo
858 2387 1143 2434 ‘vetranio
1192 2385 1424 2450 pedestri
1468 2403 1576 2437 ma-

506 2462 720 2526 gisterio
764 2462 957 2511 milites
995 2460 1180 2511 curat-³
1248 2462 1300 2511 Is
1335 2471 1450 2512 erat
1485 2465 1575 2529 qni

506 2537 768 2602 pedestris
805 2538 1005 2587 militiai
1043 2545 1219 2586 rector
1249 2545 1306 2587 et
1327 2540 1577 2602 magister

505 2612 765 2678 peditum,
785 2614 1092 2677 qualis-olim
1115 2622 1231 2663 erat
1248 2622 1301 2662 et
1321 2616 1573 2678 magister

505 2689 757 2754 equitum.
793 2689 1007 2739 Schoin-
1045 2691 1353 2753 Praep'ositio
1395 2694 1459 2741 ad
1499 2696 1573 2741 vi·

505 2763 662 2813 detur
706 2765 1070 2829 expungenda,
1118 2769 1199 2814 vel
1244 2781 1307 2815 ea
1350 2774 1574 2824 retenta,

503 2850 607 2904 pro·
653 2847 892 2891 meruerat
946 2842 1220 2905 legendum
1272 2851 1573 2907 pervenerat.

502 2916 654 2980 sylb.»
722 2917 946 2966 Videtur
970 2920 1233 2968 abundare
1266 2922 1573 2983 praepositio

503 2995 585 3050 ad,
631 3002 689 3044 ut
732 3003 789 3044 et
821 2996 1128 3059 Sylburgius
1160 2998 1406 3060 prodidit.
1442 2999 1572 3047 Gru·

504 3074 653 3119 tems.

526 3164 534 3175 ’
571 3150 600 3212 §
624 3152 685 3197 17
723 3149 893 3198 Gallos
913 3156 1086 3199 nutura
1103 3151 1398 3216 precipites]
1429 3151 1573 3202 Gen·
1598 3180 1604 3187 ·

507 3229 614 3273 tem
655 3225 961 3289 inquietam,
987 3241 1206 3291 quaeque
1246 3234 1574 3277 constantem

505 3300 795 3362 principem
843 3302 1092 3364 requirat,
1131 3309 1277 3351 notat
1318 3303 1572 3366 Vopiscus

506 3377 783 3426 Saturnino
820 3384 876 3425 et
910 3377 1064 3425 Caro.
1129 3378 1415 3428 Trebellius
1450 3380 1571 3430 Pol-

506 3452 600 3500 lio·
634 3452 782 3500 initio
805 3479 812 3485 ·
837 3450 1211 3502 Gallienorum.
1291 3453 1573 3518 objectam

509 3526 678 3576 Gallis
696 3527 975 3575 -ievitatem
1013 3526 1257 3577 refellere
1280 3537 1499 3579 conatur
1516 3532 1572 3584 J.

508 3600 740 3653 Bodiuus
762 3601 1002 3652 Methodi
1025 3603 1229 3654 Histor.
1253 3620 1300 3654 c.
1317 3612 1366 3655 5.
1402 3606 1572 3657 Schot-

508 3681 605 3725 tusa

580 3753 701 3808 Quoe
713 3767 992 3817 quamquam
1005 3754 1057 3803 in
1070 3754 1400 3816 eiussortunu,
1420 3760 1571 3808 Prin-

507 3829 628 3894 cipis
661 3835 819 3878 tumen
849 3835 897 3879 et
922 3832 1115 3883 consilio
1137 3834 1375 3899 accidere]
1409 3836 1575 3884 Putat

487 3892 648 3956 'idem
680 3916 863 3956 noster
899 3908 1094 3957 amicus
1131 3918 1253 3958 ante
1298 3916 1346 3959 et
1379 3912 1575 3960 consilio

508 3985 692 4033 deesse
725 3984 952 4047 auspicio,
977 3986 1057 4032 vel
1096 3986 1262 4035 simile
1291 3988 1573 4050 quodpiam

506 4075 692 4113 nomen
712 4077 726 4111 z
763 4071 813 4108 at
837 4075 933 4122 ego
960 4061 1130 4123 potius
1149 4063 1318 4112 adbuc
1337 4079 1573 4128 expunx-

508 4140 639 4189 erim
664 4138 893 4186 voculam
924 4139 995 4199 in,
1026 4146 1083 4186 ut
1102 4139 1354 4198 fortunam
1375 4143 1572 4203 accipi-

510 4223 570 4266 at
607 4231 699 4279 pro
731 4213 961 4276 ‘ductu‚’
993 4217 1237 4267 comitium
1272 4228 1446 4267 autem
1477 4234 1574 4280 pro,

511 4293 526 4321 ‘
547 4292 838 4357 auspiciis:’
897 4306 1015 4342 uam
1060 4293 1282 4359 alioquin
1326 4296 1574 4346 consilium

1202 408 1422 457 NOTAE
1471 407 1881 459 vammum
1933 411 2013 459 m

1649 554 2018 616 complectitur
2037 555 2194 605 etiam
2215 556 2441 619 auspicia.
2492 554 2686 605 Tacitus

1650 629 1838 678 Annal.
1867 644 1954 679 nr.
1984 635 2067 681 47.
2104 646 2159 694 p.
2189 635 2205 660 ‘
2229 633 2360 681 Tum
2386 633 2584 680 demum
2614 633 2689 680 Ti·

1648 706 1823 755 berius
1859 714 2051 757 ·ortum
2106 716 2469 772 patratumque
2521 709 2690 757 bellum

1648 783 1848 833 senatui
1882 785 2121 848 scripsit3
2163 799 2332 850 neque
2364 786 2586 849 dempsit
2615 794 2696 833 aut

1649 858 1853 910 addidit
1874 875 2031 910 vero:
2067 861 2161 910 sed
2182 860 2288 911 fide
2316 876 2378 911 ac
2406 863 2599 910 virtute
2633 862 2695 909 le·

1647 944 1812 998 gatos,
1854 950 1910 984 se
1956 937 2182 986 consiliis
2222 935 2586 999 superfuisse‚’-
2613 939 2702 985 &c.

1648 1013 1886 1075 Interim,
1902 1014 2241 1077 peculiariter
2263 1013 2381 1062 heic
2401 1013 2595 1075 accipit
2604 1013 2704 1070 sor-

1646 1094 1810 1138 mm
1852 1098 2035 1138 auctor
2086 1096 2316 1140 noster.-
2350 1090 2522 1153 Vulgo
2576 1091 2703 1137 enim

1647 1165 1936 1222 obtinebat,
1953 1171 2012 1214 nt
2028 1164 2262 1226 ejusdem
2282 1172 2421 1214 esset
2442 1168 2458 1193 ‘
2472 1164 2705 1223 fortuna:

1648 1243 1795 1303 cujus
1817 1247 1933 1291 erat
1957 1249 2014 1290 et
2045 1241 2349 1304 auspicium.
2415 1239 2571 1289 Unde
2594 1240 2707 1290 Jus-

1650 1318 1789 1366 tiuus
1830 1331 1897 1366 11.
1932 1321 2015 1366 21.
2048 1317 2265 1380 ‘Ibique
2301 1317 2539 1379 praelium
2578 1331 2709 1365 com·

1650 1394 1856 1442 missum
1876 1410 1890 1443 z
1927 1392 2018 1440 sed
2043 1391 2258 1441 fortuna
2280 1393 2418 1455 regis
2439 1406 2560 1440 cum
2581 1393 2709 1440 duce

1648 1478 1851 1519 mutata
1873 1483 1973 1518 uon
1998 1466 2116 1531 est,’
2145 1472 2247 1518 &c.
2282 1477 2338 1518 et
2375 1468 2517 1530 apud
2545 1469 2726 1517 Curti·'

1649 1560 1735 1593 um
1758 1559 1811 1594 v.
1842 1549 1893 1595 9.
1938 1545 2300 1597 Nabarzanes:
2340 1547 2357 1574 ‘
2378 1546 2501 1595 Diis
2532 1545 2710 1594 adver·

1648 1622 1720 1670 sis
1743 1621 1933 1671 bellum
1954 1621 2159 1676 inimus,
2178 1627 2235 1670 et
2268 1622 2518 1684 pertinax
2549 1621 2710 1670 fortu-

1647 1715 1716 1748 na
1737 1699 1927 1749 Persas
1950 1712 2138 1760 urgere
2174 1713 2277 1747 non
2309 1698 2535 1749 desinit:
2569 1699 2712 1748 novis

1648 1775 1812 1823 initiis
1846 1780 1903 1823 et
1933 1773 2187 1823 ominibus
2221 1788 2350 1837 opus
2373 1781 2474 1822 est.
2526 1773 2715 1837 Auspi-

1648 1851 1783 1899 cium
1807 1858 1862 1900 et
1884 1850 2137 1912 inperium
2172 1849 2257 1898 alii
2287 1851 2435 1899 trade
2470 1849 2716 1904 iuterim‚’

1648 1929 1747 1977 διο.
1791 1926 1857 1975 de
1897 1941 2003 1989 qua
2039 1940 2093 1973 re
2135 1940 2238 1974 nosx
2256 1926 2409 1989 plura
2441 1925 2506 1974 ad
2546 1927 2713 1976 Taciti

1650 2002 1854 2051 Histor-
1878 2014 1943 2050 ιι.
1974 2005 2057 2050 33.
2090 2017 2143 2063 p.
2209 2003 2472 2051 Caeterum
2498 2011 2556 2052 et
2579 2005 2713 2053 duci-

1648 2078 1744 2131 bus
1786 2077 2096 2127 subalternis
2135 2091 2279 2126 suam
2318 2078 2480 2127 etiarn
2516 2078 2713 2128 ‘fortu-

1648 2154 1803 2204 nam'
1849 2154 2216 2204 adscribebant
2258 2155 2508 2204 nonnulli.
2580 2156 2724 2211 Hinc..

1650 2231 1801 2280 Darii
1845 2232 1973 2279 illud
2018 2229 2157 2294 apud
2208 2230 2431 2279 eundem
2477 2233 2731 2282 Curtium.—

1649 2321 1740 2356 111.
1772 2311 1823 2355 6.
1857 2308 1874 2335 ‘
1898 2307 2110 2370 Quippe
2132 2321 2251 2370 quae
2285 2321 2381 2369 per
2403 2307 2567 2356 duces
2599 2323 2712 2357 suos

1649 2392 1770 2434 acta
1807 2392 1956 2434 erant
1992 2392 2184 2434 cuncta
2223 2383 2538 2445 damnabat3
2573 2393 2711 2433 ratus

1649 2461 1886 2524 pluribus
1941 2474 2138 2516 curam,
2194 2460 2430 2508 omnibus
2488 2459 2711 2509 abfuisse

1649 2535 1909 2587 fortunam
1928 2534 1963 2585 ε’
1996 2550 2111 2600 quae
2149 2535 2263 2599 ipsa
2293 2535 2457 2585 verba
2492 2537 2710 2585 excussi-

1649 2627 1766 2662 mus
1802 2612 1868 2661 ad
1907 2613 2000 2661 illa
2033 2612 2207 2662 Taciti
2244 2611 2449 2660 Hister.
2487 2626 2530 2661 ι.
2561 2617 2642 2664 79.
2672 2611 2708 2660 f.

1649 2697 1664 2719 ⁸
1682 2690 1828 2738 Laeto
1852 2689 2082 2745 Othone,
2105 2697 2159 2737 et
2182 2687 2399 2750 gloriam
2434 2688 2484 2735 iu
2521 2701 2577 2736 se
2610 2698 2711 2737 tra·

1648 2765 1827 2825 hente,
1850 2771 2096 2828 tanquam
2120 2773 2174 2814 et
2198 2765 2307 2828 ipse
2331 2763 2461 2812 felix
2484 2764 2709 2828 bello‚.et

1650 2841 1753 2888 suis
1768 2840 2005 2902 ducibus,
2018 2840 2227 2904 suisque
2245 2839 2566 2889 exercitibus
2585 2855 2710 2887 rem-

1651 2919 1913 2982 publicam
1937 2917 2202 2968 auxisset.'
2238 2919 2383 2967 Grut.
2436 2917 2584 2967 Nihil
2607 2933 2711 2969 min·

1651 2996 1885 3044 tandum.
1951 2994 2048 3044 Ait
2088 2996 2201 3044 liaec
2243 2995 2417 3044 omnia
2470 2997 2596 3045 etsi·
2625 2996 2709 3043 ‘iu

1555 3108 1564 3113 ,
1649 3070 1892 3121 fortuna’
1922 3072 2116 3122 Juliani
2140 3071 2442 3126 acciderint,
2467 3080 2638 3121 tamen
2659 3080 2710 3118 et

1651 3149 1866 3198 consilio
1893 3148 2156 3211 Principis
2176 3148 2470 3203 Constantii
2500 3147 2710 3197 accidis·

1650 3240 1724 3275 se.
1758 3226 1922 3275 Anna.
1982 3224 2087 3273 Sed
2113 3225 2225 3273 baec
2244 3238 2348 3272 non
2371 3224 2666 3272 adcuratius
2684 3238 2712 3270 a

1651 3303 1955 3352 doctissima
1974 3300 2170 3349 femina
2190 3306 2542 3361 exponuntur,
2565 3313 2710 3361 quam

1653 3380 1718 3428 ab
1758 3388 1971 3429 auctore
2015 3387 2212 3433 nostro,
2248 3378 2290 3426 si
2327 3390 2449 3424 vera
2486 3378 2599 3426 ha’c
2636 3387 2711 3425 est

1652 3457 1830 3511 lectio,
1873 3454 2072 3516 scripta
2113 3459 2251 3500 suut.
2316 3451 2549 3501 Mirifice
2596 3453 2710 3500 mihi

1652 3530 1909 3580 satisfacit
1928 3528 2226 3578 felicissima
2243 3527 2585 3577 Freinshemii
2598 3543 2712 3578 con·

1638 3607 1853 3671 jectura
1888 3604 1955 3653 ad
1991 3604 2226 3654 Curtium
2253 3616 2305 3652 v.
2336 3606 2389 3651 9.
2424 3605 2528 3666 §4
2567 3618 2711 3666 repo·

1569 3718 1574 3725 -
1651 3685 1823 3733 nentis
1845 3697 1949 3746 quoe
1978 3695 2258 3744 quamquam
2290 3680 2341 3728 vi
2370 3681 2492 3741 ejus,
2511 3681 2713 3740 fortuna

1650 3761 1898 3825 Principis
1945 3764 2106 3807 tumen
2155 3763 2203 3806 et
2245 3757 2444 3805 consilio
2486 3759 2710 3806 accidere.

1649 3836 1784 3887 Haec
1815 3838 1930 3900 ipsa
1961 3844 2043 3884 est
2069 3834 2264 3883 Aurelii
2299 3847 2500 3893 manus,
2523 3835 2575 3882 ni
2608 3849 2706 3880 om·

1649 3915 1736 3963 nia
1774 3928 1857 3962 me
1891 3912 2090 3962 fallant.
2156 3908 2441 3959 ‘Vis-³·est
2482 3908 2707 3959 efficacia

1648 3994 1702 4041 in
1730 3993 1887 4053 bello,
1912 3991 2094 4048 virtus,
2116 4001 2234 4052 quae
2266 4001 2331 4036 eo
2366 4001 2527 4036 sensu
2560 3990 2575 4015 ‘
2593 4000 2702 4035 con·

1648 4066 1793 4118 silio'
1826 4066 2121 4131 opponitur.
2187 4064 2369 4111 Wasse
2403 4063 2470 4111 ad
2506 4064 2699 4111 Sallust.

1648 4147 1775 4207 Jug.
1821 4159 1867 4193 c.
1908 4149 1958 4191 6.
2036 4143 2107 4190 Et
2154 4138 2431 4189 ‘fortuna’
2467 4139 2701 4188 tribuitur

1645 4223 1740 4276 illi,
1757 4234 1915 4283 penes
1930 4232 2082 4282 quem
2097 4223 2218 4264 sunt
2233 4215 2484 4278 auspicia,
2498 4216 2698 4278 Inperti·⁸

1648 4299 1747 4350 tori
1767 4314 1783 4360 ;
1807 4311 1909 4348 non
1929 4309 2054 4346 vero
2076 4293 2143 4356 ei,
2160 4292 2249 4357 qui
2273 4292 2371 4341 sub
2393 4290 2694 4358 Inperatoris
