<?xml version="1.0" encoding="UTF-8"?>
<!DOCTYPE html PUBLIC "-//W3C//DTD XHTML 1.0 Transitional//EN"
    "http://www.w3.org/TR/xhtml1/DTD/xhtml1-transitional.dtd">
<html xmlns="http://www.w3.org/1999/xhtml" xml:lang="en" lang="en">
 <head>
  <title>
</title>
<meta http-equiv="Content-Type" content="text/html;charset=utf-8" />
  <meta name='ocr-system' content='tesseract 3.04.00' />
  <meta name='ocr-capabilities' content='ocr_page ocr_carea ocr_par ocr_line ocrx_word'/>
</head>
<body>
  <div class='ocr_page' id='page_1' title='image "./sextiaureliivic00valpgoog_0208.png"; bbox 0 0 3025 4934; ppageno 0'>
   <div class='ocr_carea' id='block_1_1' title="bbox 508 412 642 483">
    <p class='ocr_par' dir='ltr' id='par_1_1' title="bbox 508 412 642 483">
     <span class='ocr_line' id='line_1_1' title="bbox 508 412 642 483; baseline 0 -4"><span class='ocrx_word' id='word_1_1' title='bbox 508 412 642 483; x_wconf 82' lang='lat'><strong>650</strong></span> 
     </span>
    </p>
   </div>
   <div class='ocr_carea' id='block_1_2' title="bbox 509 574 1575 947">
    <p class='ocr_par' dir='ltr' id='par_1_2' title="bbox 509 574 1575 856">
     <span class='ocr_line' id='line_1_2' title="bbox 509 574 1572 641; baseline -0.001 -14"><span class='ocrx_word' id='word_1_2' title='bbox 509 577 527 605; x_wconf 89' lang='lat'>‘</span> <span class='ocrx_word' id='word_1_3' title='bbox 548 576 805 627; x_wconf 79' lang='lat' dir='ltr'><strong>Tribunus</strong></span> <span class='ocrx_word' id='word_1_4' title='bbox 823 575 991 640; x_wconf 85' lang='lat' dir='ltr'><strong>plebis</strong></span> <span class='ocrx_word' id='word_1_5' title='bbox 1013 574 1243 641; x_wconf 82' lang='lat' dir='ltr'><strong>agrarias</strong></span> <span class='ocrx_word' id='word_1_6' title='bbox 1265 586 1320 626; x_wconf 86' lang='lat' dir='ltr'><strong>et</strong></span> <span class='ocrx_word' id='word_1_7' title='bbox 1344 574 1572 626; x_wconf 85' lang='lat' dir='ltr'><strong>frumeu-</strong></span> 
     </span>
     <span class='ocr_line' id='line_1_3' title="bbox 512 650 1572 717; baseline -0.002 -14"><span class='ocrx_word' id='word_1_8' title='bbox 512 654 674 705; x_wconf 84' lang='lat' dir='ltr'><strong>tarias</strong></span> <span class='ocrx_word' id='word_1_9' title='bbox 715 655 855 717; x_wconf 82' lang='lat' dir='ltr'><strong>leges</strong></span> <span class='ocrx_word' id='word_1_10' title='bbox 891 650 1044 703; x_wconf 88' lang='lat' dir='ltr'><strong>tulit.’</strong></span> <span class='ocrx_word' id='word_1_11' title='bbox 1109 652 1267 702; x_wconf 86' lang='lat' dir='ltr'><strong>Et.in</strong></span> <span class='ocrx_word' id='word_1_12' title='bbox 1308 653 1423 715; x_wconf 86' lang='lat' dir='ltr'><strong>ipso</strong></span> <span class='ocrx_word' id='word_1_13' title='bbox 1449 652 1572 715; x_wconf 85' lang='lat' dir='ltr'><strong>jure</strong></span> 
     </span>
     <span class='ocr_line' id='line_1_4' title="bbox 512 728 1575 794; baseline 0 -15"><span class='ocrx_word' id='word_1_14' title='bbox 512 730 701 794; x_wconf 85' lang='lat' dir='ltr'><strong>passim</strong></span> <span class='ocrx_word' id='word_1_15' title='bbox 726 730 836 779; x_wconf 77' lang='lat' dir='ltr'><strong>baec</strong></span> <span class='ocrx_word' id='word_1_16' title='bbox 869 743 968 777; x_wconf 79' lang='lat' dir='ltr'><strong>vox</strong></span> <span class='ocrx_word' id='word_1_17' title='bbox 993 728 1162 779; x_wconf 87' lang='lat' dir='ltr'><strong>latiori</strong></span> <span class='ocrx_word' id='word_1_18' title='bbox 1193 728 1575 793; x_wconf 76' lang='lat' dir='ltr'><strong>significatione</strong></span> 
     </span>
     <span class='ocr_line' id='line_1_5' title="bbox 513 806 1015 856; baseline -0.006 -1"><span class='ocrx_word' id='word_1_19' title='bbox 513 806 808 856; x_wconf 78' lang='lat' dir='ltr'><strong>adhibetur.</strong></span> <span class='ocrx_word' id='word_1_20' title='bbox 841 807 1015 855; x_wconf 71' lang='lat' dir='ltr'><strong>Amtz.</strong></span> 
     </span>
    </p>

    <p class='ocr_par' dir='ltr' id='par_1_3' title="bbox 576 880 1573 947">
     <span class='ocr_line' id='line_1_6' title="bbox 576 880 1573 947; baseline -0.002 -15"><span class='ocrx_word' id='word_1_21' title='bbox 576 883 699 932; x_wconf 77' lang='lat' dir='ltr'><strong>Pius</strong></span> <span class='ocrx_word' id='word_1_22' title='bbox 733 883 886 947; x_wconf 77' lang='lat' dir='ltr'><strong>mille]</strong></span> <span class='ocrx_word' id='word_1_23' title='bbox 921 884 1180 944; x_wconf 86' lang='lat' dir='ltr'><strong>Corrupte</strong></span> <span class='ocrx_word' id='word_1_24' title='bbox 1225 880 1359 930; x_wconf 84' lang='lat' dir='ltr'><strong>baud</strong></span> <span class='ocrx_word' id='word_1_25' title='bbox 1398 880 1573 932; x_wconf 86' lang='lat' dir='ltr'><strong>dubie.</strong></span> 
     </span>
    </p>
   </div>
   <div class='ocr_carea' id='block_1_3' title="bbox 515 955 1595 1023">
    <p class='ocr_par' dir='ltr' id='par_1_4' title="bbox 515 955 1595 1023">
     <span class='ocr_line' id='line_1_7' title="bbox 515 955 1595 1023; baseline -0.003 -14"><span class='ocrx_word' id='word_1_26' title='bbox 515 960 733 1022; x_wconf 71' lang='lat' dir='ltr'><strong>Corrige</strong></span> <span class='ocrx_word' id='word_1_27' title='bbox 795 961 904 1023; x_wconf 80' lang='lat' dir='ltr'><strong>plus</strong></span> <span class='ocrx_word' id='word_1_28' title='bbox 964 959 1241 1022; x_wconf 76' lang='lat' dir='ltr'><strong><em>quingenta.</em></strong></span> <span class='ocrx_word' id='word_1_29' title='bbox 1324 955 1595 1021; x_wconf 76' lang='lat' dir='ltr'><strong>Suspicor·</strong></span> 
     </span>
    </p>
   </div>
   <div class='ocr_carea' id='block_1_4' title="bbox 489 1035 1576 4397">
    <p class='ocr_par' dir='ltr' id='par_1_5' title="bbox 489 1035 1576 4397">
     <span class='ocr_line' id='line_1_8' title="bbox 509 1035 1570 1100; baseline 0 -15"><span class='ocrx_word' id='word_1_30' title='bbox 509 1036 632 1086; x_wconf 83' lang='lat' dir='ltr'><strong>hinc</strong></span> <span class='ocrx_word' id='word_1_31' title='bbox 650 1043 830 1087; x_wconf 86' lang='lat' dir='ltr'><strong>natum</strong></span> <span class='ocrx_word' id='word_1_32' title='bbox 854 1037 1116 1096; x_wconf 86' lang='lat' dir='ltr'><strong>mendum,</strong></span> <span class='ocrx_word' id='word_1_33' title='bbox 1148 1035 1286 1100; x_wconf 86' lang='lat' dir='ltr'><strong>quod</strong></span> <span class='ocrx_word' id='word_1_34' title='bbox 1318 1036 1455 1084; x_wconf 83' lang='lat' dir='ltr'><strong>uotis</strong></span> <span class='ocrx_word' id='word_1_35' title='bbox 1477 1050 1570 1085; x_wconf 90' lang='lat' dir='ltr'><strong>nu-</strong></span> 
     </span>
     <span class='ocr_line' id='line_1_9' title="bbox 511 1112 1571 1178; baseline -0.005 -13"><span class='ocrx_word' id='word_1_36' title='bbox 511 1128 680 1165; x_wconf 80' lang='lat' dir='ltr'><strong>merus</strong></span> <span class='ocrx_word' id='word_1_37' title='bbox 723 1117 992 1177; x_wconf 70' lang='lat' dir='ltr'><strong>signarent</strong></span> <span class='ocrx_word' id='word_1_38' title='bbox 1036 1114 1318 1178; x_wconf 86' lang='lat' dir='ltr'><strong>antiquitus</strong></span> <span class='ocrx_word' id='word_1_39' title='bbox 1353 1112 1571 1176; x_wconf 84' lang='lat' dir='ltr'><strong>librarii,</strong></span> 
     </span>
     <span class='ocr_line' id='line_1_10' title="bbox 511 1190 1575 1254; baseline -0.002 -13"><span class='ocrx_word' id='word_1_40' title='bbox 511 1191 662 1254; x_wconf 88' lang='lat' dir='ltr'><strong>cujus</strong></span> <span class='ocrx_word' id='word_1_41' title='bbox 683 1191 837 1241; x_wconf 82' lang='lat' dir='ltr'><strong>bodie</strong></span> <span class='ocrx_word' id='word_1_42' title='bbox 861 1190 1081 1254; x_wconf 78' lang='lat' dir='ltr'><strong>vestigia</strong></span> <span class='ocrx_word' id='word_1_43' title='bbox 1114 1197 1319 1239; x_wconf 83' lang='lat' dir='ltr'><strong>exstant</strong></span> <span class='ocrx_word' id='word_1_44' title='bbox 1343 1190 1394 1238; x_wconf 89' lang='lat' dir='ltr'><strong>in</strong></span> <span class='ocrx_word' id='word_1_45' title='bbox 1424 1202 1496 1238; x_wconf 81' lang='lat' dir='ltr'><strong>ro.</strong></span> <span class='ocrx_word' id='word_1_46' title='bbox 1516 1196 1575 1239; x_wconf 91' lang='lat' dir='ltr'><strong>et</strong></span> 
     </span>
     <span class='ocr_line' id='line_1_11' title="bbox 512 1268 1571 1331; baseline -0.002 -11"><span class='ocrx_word' id='word_1_47' title='bbox 512 1283 617 1320; x_wconf 82' lang='lat' dir='ltr'><strong>cm.</strong></span> <span class='ocrx_word' id='word_1_48' title='bbox 689 1270 968 1331; x_wconf 71' lang='lat' dir='ltr'><strong>Quingenta</strong></span> <span class='ocrx_word' id='word_1_49' title='bbox 989 1270 1125 1318; x_wconf 89' lang='lat' dir='ltr'><strong>enim</strong></span> <span class='ocrx_word' id='word_1_50' title='bbox 1161 1282 1336 1317; x_wconf 87' lang='lat' dir='ltr'><strong>omues</strong></span> <span class='ocrx_word' id='word_1_51' title='bbox 1357 1268 1571 1318; x_wconf 83' lang='lat' dir='ltr'><strong>habent.</strong></span> 
     </span>
     <span class='ocr_line' id='line_1_12' title="bbox 513 1343 1574 1411; baseline -0.003 -15"><span class='ocrx_word' id='word_1_52' title='bbox 513 1347 786 1411; x_wconf 79' lang='lat' dir='ltr'><strong>Appianas</strong></span> <span class='ocrx_word' id='word_1_53' title='bbox 811 1347 901 1395; x_wconf 88' lang='lat' dir='ltr'><strong>lib.</strong></span> <span class='ocrx_word' id='word_1_54' title='bbox 928 1346 1166 1410; x_wconf 81' lang='lat' dir='ltr'><strong>Erupbyl.</strong></span> <span class='ocrx_word' id='word_1_55' title='bbox 1199 1358 1239 1394; x_wconf 87' lang='lat'><strong>1.</strong></span> <span class='ocrx_word' id='word_1_56' title='bbox 1272 1343 1450 1406; x_wconf 74' lang='grc' dir='ltr'><strong><em>μηδένα</em></strong></span> <span class='ocrx_word' id='word_1_57' title='bbox 1476 1347 1574 1394; x_wconf 74' lang='grc' dir='ltr'><strong>τῶν</strong></span> 
     </span>
     <span class='ocr_line' id='line_1_13' title="bbox 510 1419 1573 1485; baseline 0 -13"><span class='ocrx_word' id='word_1_58' title='bbox 510 1421 831 1473; x_wconf 67' lang='grc' dir='ltr'><strong>πεντακοσίων</strong></span> <span class='ocrx_word' id='word_1_59' title='bbox 859 1422 1073 1485; x_wconf 70' lang='grc' dir='ltr'><strong>πλέθρων</strong></span> <span class='ocrx_word' id='word_1_60' title='bbox 1103 1420 1254 1471; x_wconf 70' lang='grc' dir='ltr'>πλέον</span> <span class='ocrx_word' id='word_1_61' title='bbox 1275 1419 1420 1481; x_wconf 73' lang='grc' dir='ltr'><strong>ἔχειν.</strong></span> <span class='ocrx_word' id='word_1_62' title='bbox 1488 1425 1573 1472; x_wconf 79' lang='lat' dir='ltr'><strong>Sic</strong></span> 
     </span>
     <span class='ocr_line' id='line_1_14' title="bbox 514 1498 1572 1558; baseline -0.002 -9"><span class='ocrx_word' id='word_1_63' title='bbox 514 1507 573 1548; x_wconf 83' lang='lat' dir='ltr'><strong>et</strong></span> <span class='ocrx_word' id='word_1_64' title='bbox 605 1500 916 1549; x_wconf 72' lang='lat' dir='ltr'><strong>Plutarchus</strong></span> <span class='ocrx_word' id='word_1_65' title='bbox 956 1500 1009 1548; x_wconf 87' lang='lat' dir='ltr'><strong>in</strong></span> <span class='ocrx_word' id='word_1_66' title='bbox 1047 1498 1317 1549; x_wconf 81' lang='lat' dir='ltr'><strong>Gracchis.</strong></span> <span class='ocrx_word' id='word_1_67' title='bbox 1363 1499 1572 1558; x_wconf 62' lang='lat' dir='ltr'><strong>,Florus</strong></span> 
     </span>
     <span class='ocr_line' id='line_1_15' title="bbox 511 1575 1574 1638; baseline 0 -14"><span class='ocrx_word' id='word_1_68' title='bbox 511 1580 687 1625; x_wconf 84' lang='lat' dir='ltr'><strong>tamen</strong></span> <span class='ocrx_word' id='word_1_69' title='bbox 737 1575 1066 1624; x_wconf 80' lang='lat' dir='ltr'><strong>abbreviator</strong></span> <span class='ocrx_word' id='word_1_70' title='bbox 1109 1575 1241 1625; x_wconf 84' lang='lat' dir='ltr'><strong>Livii</strong></span> <span class='ocrx_word' id='word_1_71' title='bbox 1286 1575 1429 1638; x_wconf 89' lang='lat' dir='ltr'><strong>Epit.</strong></span> <span class='ocrx_word' id='word_1_72' title='bbox 1485 1575 1574 1624; x_wconf 85' lang='lat' dir='ltr'><strong>lib.</strong></span> 
     </span>
     <span class='ocr_line' id='line_1_16' title="bbox 513 1650 1575 1713; baseline 0.001 -13"><span class='ocrx_word' id='word_1_73' title='bbox 513 1664 673 1701; x_wconf 70' lang='lat' dir='ltr'><strong>Lvtu.</strong></span> <span class='ocrx_word' id='word_1_74' title='bbox 710 1654 726 1684; x_wconf 72' lang='lat'><strong>⁴</strong></span> <span class='ocrx_word' id='word_1_75' title='bbox 746 1651 928 1701; x_wconf 90' lang='lat' dir='ltr'><strong>decem</strong></span> <span class='ocrx_word' id='word_1_76' title='bbox 954 1650 970 1673; x_wconf 91' lang='lat'>’</span> <span class='ocrx_word' id='word_1_77' title='bbox 999 1650 1157 1700; x_wconf 87' lang='lat' dir='ltr'><strong>habet</strong></span> <span class='ocrx_word' id='word_1_78' title='bbox 1180 1651 1482 1713; x_wconf 79' lang='lat' dir='ltr'><strong>dumtaxat3</strong></span> <span class='ocrx_word' id='word_1_79' title='bbox 1517 1658 1575 1701; x_wconf 87' lang='lat' dir='ltr'><strong>et</strong></span> 
     </span>
     <span class='ocr_line' id='line_1_17' title="bbox 512 1727 1575 1778; baseline -0.001 -1"><span class='ocrx_word' id='word_1_80' title='bbox 512 1728 718 1778; x_wconf 84' lang='lat' dir='ltr'><strong>Siculus</strong></span> <span class='ocrx_word' id='word_1_81' title='bbox 743 1728 960 1777; x_wconf 77' lang='lat' dir='ltr'><strong>Flaccus</strong></span> <span class='ocrx_word' id='word_1_82' title='bbox 984 1728 1035 1777; x_wconf 88' lang='lat' dir='ltr'><strong>iu</strong></span> <span class='ocrx_word' id='word_1_83' title='bbox 1061 1728 1191 1777; x_wconf 86' lang='lat' dir='ltr'><strong>libro</strong></span> <span class='ocrx_word' id='word_1_84' title='bbox 1214 1727 1279 1777; x_wconf 91' lang='lat' dir='ltr'><strong>de</strong></span> <span class='ocrx_word' id='word_1_85' title='bbox 1305 1727 1575 1777; x_wconf 87' lang='lat' dir='ltr'><strong>Conditio·</strong></span> 
     </span>
     <span class='ocr_line' id='line_1_18' title="bbox 513 1803 1573 1865; baseline -0.002 -11"><span class='ocrx_word' id='word_1_86' title='bbox 513 1818 581 1854; x_wconf 83' lang='lat' dir='ltr'><strong>ue</strong></span> <span class='ocrx_word' id='word_1_87' title='bbox 616 1804 869 1865; x_wconf 76' lang='lat' dir='ltr'><strong>Agrorum</strong></span> <span class='ocrx_word' id='word_1_88' title='bbox 912 1808 928 1834; x_wconf 89' lang='lat'>‘</span> <span class='ocrx_word' id='word_1_89' title='bbox 956 1804 1182 1855; x_wconf 86' lang='lat' dir='ltr'><strong>ducenta</strong></span> <span class='ocrx_word' id='word_1_90' title='bbox 1203 1803 1219 1826; x_wconf 91' lang='lat'>’</span> <span class='ocrx_word' id='word_1_91' title='bbox 1254 1804 1406 1853; x_wconf 87' lang='lat' dir='ltr'><strong>male.</strong></span> <span class='ocrx_word' id='word_1_92' title='bbox 1455 1804 1573 1852; x_wconf 88' lang='lat' dir='ltr'><strong>Ma·</strong></span> 
     </span>
     <span class='ocr_line' id='line_1_19' title="bbox 510 1881 1573 1943; baseline -0.003 -12"><span class='ocrx_word' id='word_1_93' title='bbox 510 1882 657 1931; x_wconf 80' lang='lat' dir='ltr'><strong>navit</strong></span> <span class='ocrx_word' id='word_1_94' title='bbox 668 1895 815 1931; x_wconf 88' lang='lat' dir='ltr'><strong>error</strong></span> <span class='ocrx_word' id='word_1_95' title='bbox 826 1895 1005 1931; x_wconf 76' lang='lat' dir='ltr'><strong>rursus</strong></span> <span class='ocrx_word' id='word_1_96' title='bbox 1022 1897 1052 1932; x_wconf 90' lang='lat' dir='ltr'><strong>e</strong></span> <span class='ocrx_word' id='word_1_97' title='bbox 1068 1881 1323 1943; x_wconf 72' lang='lat' dir='ltr'><strong>corruptis</strong></span> <span class='ocrx_word' id='word_1_98' title='bbox 1339 1893 1573 1928; x_wconf 87' lang='lat' dir='ltr'><strong>numero-</strong></span> 
     </span>
     <span class='ocr_line' id='line_1_20' title="bbox 510 1960 1574 2018; baseline -0.002 -11"><span class='ocrx_word' id='word_1_99' title='bbox 510 1972 625 2007; x_wconf 83' lang='lat' dir='ltr'><strong>rum</strong></span> <span class='ocrx_word' id='word_1_100' title='bbox 662 1960 815 2008; x_wconf 86' lang='lat' dir='ltr'><strong>uotis.</strong></span> <span class='ocrx_word' id='word_1_101' title='bbox 858 1960 1047 2010; x_wconf 75' lang='lat' dir='ltr'><strong>Schott.</strong></span> <span class='ocrx_word' id='word_1_102' title='bbox 1112 1960 1361 2018; x_wconf 77' lang='lat' dir='ltr'><strong>Attamen</strong></span> <span class='ocrx_word' id='word_1_103' title='bbox 1394 1970 1574 2005; x_wconf 87' lang='lat' dir='ltr'><strong>omues</strong></span> 
     </span>
     <span class='ocr_line' id='line_1_21' title="bbox 511 2034 1575 2090; baseline -0.001 -6"><span class='ocrx_word' id='word_1_104' title='bbox 511 2035 746 2084; x_wconf 86' lang='lat' dir='ltr'><strong>unanimi</strong></span> <span class='ocrx_word' id='word_1_105' title='bbox 782 2050 1036 2086; x_wconf 82' lang='lat' dir='ltr'><strong>consensu</strong></span> <span class='ocrx_word' id='word_1_106' title='bbox 1070 2035 1203 2085; x_wconf 76' lang='lat' dir='ltr'><strong>mille</strong></span> <span class='ocrx_word' id='word_1_107' title='bbox 1236 2034 1478 2090; x_wconf 78' lang='lat' dir='ltr'><strong>retinent,</strong></span> <span class='ocrx_word' id='word_1_108' title='bbox 1513 2041 1575 2083; x_wconf 88' lang='lat' dir='ltr'><strong>ut</strong></span> 
     </span>
     <span class='ocr_line' id='line_1_22' title="bbox 508 2110 1573 2176; baseline 0 -16"><span class='ocrx_word' id='word_1_109' title='bbox 508 2111 672 2175; x_wconf 80' lang='lat' dir='ltr'><strong>ipsius</strong></span> <span class='ocrx_word' id='word_1_110' title='bbox 694 2114 918 2162; x_wconf 88' lang='lat' dir='ltr'><strong>auctoris</strong></span> <span class='ocrx_word' id='word_1_111' title='bbox 941 2113 1103 2176; x_wconf 86' lang='lat' dir='ltr'><strong>possit</strong></span> <span class='ocrx_word' id='word_1_112' title='bbox 1114 2127 1227 2161; x_wconf 82' lang='lat' dir='ltr'><strong>esse</strong></span> <span class='ocrx_word' id='word_1_113' title='bbox 1242 2124 1405 2161; x_wconf 82' lang='lat' dir='ltr'><strong>error.</strong></span> <span class='ocrx_word' id='word_1_114' title='bbox 1437 2110 1573 2160; x_wconf 82' lang='lat' dir='ltr'><strong>Vide</strong></span> 
     </span>
     <span class='ocr_line' id='line_1_23' title="bbox 511 2184 1573 2251; baseline 0 -15"><span class='ocrx_word' id='word_1_115' title='bbox 511 2184 580 2236; x_wconf 89' lang='lat' dir='ltr'><strong>de</strong></span> <span class='ocrx_word' id='word_1_116' title='bbox 621 2189 852 2248; x_wconf 79' lang='lat' dir='ltr'><strong>dissensu</strong></span> <span class='ocrx_word' id='word_1_117' title='bbox 876 2189 928 2237; x_wconf 90' lang='lat' dir='ltr'><strong>iu</strong></span> <span class='ocrx_word' id='word_1_118' title='bbox 963 2203 1176 2238; x_wconf 87' lang='lat' dir='ltr'><strong>numero</strong></span> <span class='ocrx_word' id='word_1_119' title='bbox 1209 2189 1393 2237; x_wconf 82' lang='lat' dir='ltr'><strong>horum</strong></span> <span class='ocrx_word' id='word_1_120' title='bbox 1418 2188 1573 2251; x_wconf 85' lang='lat' dir='ltr'><strong>juge·</strong></span> 
     </span>
     <span class='ocr_line' id='line_1_24' title="bbox 510 2263 1571 2328; baseline 0.003 -16"><span class='ocrx_word' id='word_1_121' title='bbox 510 2277 628 2313; x_wconf 82' lang='lat' dir='ltr'><strong>rum</strong></span> <span class='ocrx_word' id='word_1_122' title='bbox 663 2263 802 2328; x_wconf 89' lang='lat' dir='ltr'><strong>apud</strong></span> <span class='ocrx_word' id='word_1_123' title='bbox 835 2265 1013 2327; x_wconf 76' lang='lat' dir='ltr'><strong>Sigon.</strong></span> <span class='ocrx_word' id='word_1_124' title='bbox 1048 2263 1113 2313; x_wconf 89' lang='lat' dir='ltr'><strong>ad</strong></span> <span class='ocrx_word' id='word_1_125' title='bbox 1145 2265 1276 2314; x_wconf 81' lang='lat' dir='ltr'><strong>Livii</strong></span> <span class='ocrx_word' id='word_1_126' title='bbox 1311 2265 1456 2328; x_wconf 89' lang='lat' dir='ltr'><strong>Epit.</strong></span> <span class='ocrx_word' id='word_1_127' title='bbox 1479 2263 1571 2316; x_wconf 89' lang='lat' dir='ltr'><strong>lib.</strong></span> 
     </span>
     <span class='ocr_line' id='line_1_25' title="bbox 509 2339 1572 2405; baseline 0.002 -17"><span class='ocrx_word' id='word_1_128' title='bbox 509 2350 675 2388; x_wconf 66' lang='lat' dir='ltr'><strong>tvm.</strong></span> <span class='ocrx_word' id='word_1_129' title='bbox 709 2347 766 2389; x_wconf 89' lang='lat' dir='ltr'><strong>et</strong></span> <span class='ocrx_word' id='word_1_130' title='bbox 798 2339 950 2404; x_wconf 77' lang='lat' dir='ltr'><strong>Pigh.</strong></span> <span class='ocrx_word' id='word_1_131' title='bbox 982 2340 1119 2391; x_wconf 85' lang='lat' dir='ltr'><strong>Anu.</strong></span> <span class='ocrx_word' id='word_1_132' title='bbox 1155 2348 1278 2390; x_wconf 89' lang='lat' dir='ltr'><strong>tom.</strong></span> <span class='ocrx_word' id='word_1_133' title='bbox 1309 2354 1400 2391; x_wconf 88' lang='grc' dir='ltr'><strong>ιιι.</strong></span> <span class='ocrx_word' id='word_1_134' title='bbox 1435 2355 1491 2405; x_wconf 81' lang='lat' dir='ltr'><strong>p.</strong></span> <span class='ocrx_word' id='word_1_135' title='bbox 1521 2346 1572 2391; x_wconf 78' lang='lat'><strong>5.</strong></span> 
     </span>
     <span class='ocr_line' id='line_1_26' title="bbox 509 2414 1576 2476; baseline 0 -12"><span class='ocrx_word' id='word_1_136' title='bbox 509 2414 689 2465; x_wconf 63' lang='lat' dir='ltr'><strong>miz.</strong></span> <span class='ocrx_word' id='word_1_137' title='bbox 1570 2459 1576 2476; x_wconf 82' lang='grc'>,</span> 
     </span>
     <span class='ocr_line' id='line_1_27' title="bbox 576 2492 1572 2556; baseline 0.002 -15"><span class='ocrx_word' id='word_1_138' title='bbox 576 2492 606 2555; x_wconf 80' lang='lat'>§</span> <span class='ocrx_word' id='word_1_139' title='bbox 645 2495 679 2542; x_wconf 76' lang='lat'>4</span> <span class='ocrx_word' id='word_1_140' title='bbox 722 2492 1073 2556; x_wconf 76' lang='lat' dir='ltr'><strong>Inter-cedente]</strong></span> <span class='ocrx_word' id='word_1_141' title='bbox 1129 2494 1144 2522; x_wconf 89' lang='lat'>‘</span> <span class='ocrx_word' id='word_1_142' title='bbox 1181 2493 1572 2556; x_wconf 80' lang='lat' dir='ltr'><strong>Impedieute3&#39;</strong></span> 
     </span>
     <span class='ocr_line' id='line_1_28' title="bbox 508 2570 1572 2634; baseline 0.004 -18"><span class='ocrx_word' id='word_1_143' title='bbox 508 2580 733 2633; x_wconf 76' lang='lat' dir='ltr'><strong>namque</strong></span> <span class='ocrx_word' id='word_1_144' title='bbox 769 2570 1097 2620; x_wconf 84' lang='lat' dir='ltr'><strong>multitudine</strong></span> <span class='ocrx_word' id='word_1_145' title='bbox 1132 2572 1423 2634; x_wconf 82' lang='lat' dir='ltr'><strong>rogantium</strong></span> <span class='ocrx_word' id='word_1_146' title='bbox 1464 2572 1572 2620; x_wconf 87' lang='lat' dir='ltr'><strong>vic·</strong></span> 
     </span>
     <span class='ocr_line' id='line_1_29' title="bbox 510 2644 1572 2710; baseline 0.004 -18"><span class='ocrx_word' id='word_1_147' title='bbox 510 2650 595 2693; x_wconf 87' lang='lat' dir='ltr'><strong>tus</strong></span> <span class='ocrx_word' id='word_1_148' title='bbox 637 2644 966 2696; x_wconf 79' lang='lat' dir='ltr'><strong>intercessit.</strong></span> <span class='ocrx_word' id='word_1_149' title='bbox 1002 2646 1068 2695; x_wconf 92' lang='lat' dir='ltr'><strong>de</strong></span> <span class='ocrx_word' id='word_1_150' title='bbox 1104 2646 1329 2695; x_wconf 82' lang='lat' dir='ltr'><strong>Octavio</strong></span> <span class='ocrx_word' id='word_1_151' title='bbox 1372 2646 1572 2710; x_wconf 82' lang='lat' dir='ltr'><strong>Appia·</strong></span> 
     </span>
     <span class='ocr_line' id='line_1_30' title="bbox 511 2721 1572 2786; baseline 0.001 -17"><span class='ocrx_word' id='word_1_152' title='bbox 511 2734 638 2772; x_wconf 77' lang='lat' dir='ltr'><strong>uuaz</strong></span> <span class='ocrx_word' id='word_1_153' title='bbox 669 2721 687 2751; x_wconf 78' lang='lat'><em>⁶</em></span> <span class='ocrx_word' id='word_1_154' title='bbox 712 2722 1012 2784; x_wconf 56' lang='lat' dir='ltr'><strong>Octavius?</strong></span> <span class='ocrx_word' id='word_1_155' title='bbox 1045 2721 1233 2785; x_wconf 87' lang='lat' dir='ltr'><strong>inquit,</strong></span> <span class='ocrx_word' id='word_1_156' title='bbox 1265 2729 1282 2752; x_wconf 79' lang='lat'><em>⁴</em></span> <span class='ocrx_word' id='word_1_157' title='bbox 1307 2723 1572 2786; x_wconf 76' lang='lat' dir='ltr'><strong>qiiampri-</strong></span> 
     </span>
     <span class='ocr_line' id='line_1_31' title="bbox 489 2797 1570 2861; baseline 0.004 -16"><span class='ocrx_word' id='word_1_158' title='bbox 489 2809 647 2852; x_wconf 46' lang='lat' dir='ltr'><strong>,mum</strong></span> <span class='ocrx_word' id='word_1_159' title='bbox 667 2797 930 2849; x_wconf 84' lang='lat' dir='ltr'><strong>tribunatu</strong></span> <span class='ocrx_word' id='word_1_160' title='bbox 951 2799 1466 2861; x_wconf 65' lang='lat' dir='ltr'><strong>ejectuaclauculum</strong></span> <span class='ocrx_word' id='word_1_161' title='bbox 1492 2797 1570 2849; x_wconf 79' lang='lat' dir='ltr'><strong>ef-</strong></span> 
     </span>
     <span class='ocr_line' id='line_1_32' title="bbox 508 2872 1571 2944; baseline 0.005 -22"><span class='ocrx_word' id='word_1_162' title='bbox 508 2872 683 2944; x_wconf 61' lang='lat' dir='ltr'><strong>fugit?</strong></span> <span class='ocrx_word' id='word_1_163' title='bbox 699 2893 702 2900; x_wconf 55' lang='grc'>’</span> <span class='ocrx_word' id='word_1_164' title='bbox 716 2876 882 2925; x_wconf 69' lang='lat' dir='ltr'><strong>Maeli.</strong></span> <span class='ocrx_word' id='word_1_165' title='bbox 936 2877 1129 2926; x_wconf 86' lang='lat' dir='ltr'><strong>Melius</strong></span> <span class='ocrx_word' id='word_1_166' title='bbox 1151 2877 1258 2937; x_wconf 86' lang='lat' dir='ltr'><strong>alii,</strong></span> <span class='ocrx_word' id='word_1_167' title='bbox 1277 2877 1571 2927; x_wconf 74' lang='lat' dir='ltr'><strong>interceden-</strong></span> 
     </span>
     <span class='ocr_line' id='line_1_33' title="bbox 507 2950 1570 3016; baseline 0.003 -17"><span class='ocrx_word' id='word_1_168' title='bbox 507 2951 573 3011; x_wconf 71' lang='lat' dir='ltr'><strong>ti,</strong></span> <span class='ocrx_word' id='word_1_169' title='bbox 604 2950 762 3001; x_wconf 86' lang='lat' dir='ltr'><strong>dandi</strong></span> <span class='ocrx_word' id='word_1_170' title='bbox 788 2968 929 3002; x_wconf 81' lang='lat' dir='ltr'><strong>casu.</strong></span> <span class='ocrx_word' id='word_1_171' title='bbox 997 2953 1184 3003; x_wconf 85' lang='lat' dir='ltr'><strong>Cicero</strong></span> <span class='ocrx_word' id='word_1_172' title='bbox 1219 2953 1286 3002; x_wconf 90' lang='lat' dir='ltr'><strong>de</strong></span> <span class='ocrx_word' id='word_1_173' title='bbox 1311 2955 1570 3016; x_wconf 80' lang='lat' dir='ltr'><strong>Legibus:</strong></span> 
     </span>
     <span class='ocr_line' id='line_1_34' title="bbox 508 3027 1572 3095; baseline 0.006 -20"><span class='ocrx_word' id='word_1_174' title='bbox 508 3028 525 3055; x_wconf 75' lang='lat'>⁸</span> <span class='ocrx_word' id='word_1_175' title='bbox 547 3027 670 3077; x_wconf 86' lang='lat' dir='ltr'><strong>Tib.</strong></span> <span class='ocrx_word' id='word_1_176' title='bbox 694 3028 988 3079; x_wconf 84' lang='lat' dir='ltr'><strong>Gracchum</strong></span> <span class='ocrx_word' id='word_1_177' title='bbox 1014 3031 1139 3079; x_wconf 85' lang='lat' dir='ltr'><strong>nibil</strong></span> <span class='ocrx_word' id='word_1_178' title='bbox 1162 3030 1300 3080; x_wconf 89' lang='lat' dir='ltr'><strong>aliud</strong></span> <span class='ocrx_word' id='word_1_179' title='bbox 1326 3033 1572 3095; x_wconf 83' lang='lat' dir='ltr'><strong>perculit,</strong></span> 
     </span>
     <span class='ocr_line' id='line_1_35' title="bbox 507 3102 1572 3169; baseline 0.005 -18"><span class='ocrx_word' id='word_1_180' title='bbox 507 3102 607 3151; x_wconf 83' lang='lat' dir='ltr'><strong>uisi</strong></span> <span class='ocrx_word' id='word_1_181' title='bbox 646 3104 780 3168; x_wconf 89' lang='lat' dir='ltr'><strong>quod</strong></span> <span class='ocrx_word' id='word_1_182' title='bbox 840 3112 1155 3169; x_wconf 80' lang='lat' dir='ltr'><strong>potestatem</strong></span> <span class='ocrx_word' id='word_1_183' title='bbox 1211 3106 1572 3157; x_wconf 85' lang='lat' dir='ltr'><strong>intercedendi</strong></span> 
     </span>
     <span class='ocr_line' id='line_1_36' title="bbox 508 3180 1570 3246; baseline 0.005 -17"><span class='ocrx_word' id='word_1_184' title='bbox 508 3180 724 3244; x_wconf 67' lang='lat' dir='ltr'><strong>collegas</strong></span> <span class='ocrx_word' id='word_1_185' title='bbox 762 3181 1071 3246; x_wconf 77' lang='lat' dir='ltr'><strong>abrogavit.’</strong></span> <span class='ocrx_word' id='word_1_186' title='bbox 1114 3183 1360 3233; x_wconf 59' lang='grc' dir='ltr'><strong>δεῆσαν.</strong></span> <span class='ocrx_word' id='word_1_187' title='bbox 1425 3186 1570 3236; x_wconf 80' lang='lat' dir='ltr'><strong>Quos</strong></span> 
     </span>
     <span class='ocr_line' id='line_1_37' title="bbox 509 3258 1571 3327; baseline 0.004 -20"><span class='ocrx_word' id='word_1_188' title='bbox 509 3258 639 3308; x_wconf 87' lang='lat' dir='ltr'><strong>alios</strong></span> <span class='ocrx_word' id='word_1_189' title='bbox 659 3258 744 3310; x_wconf 84' lang='lat' dir='ltr'><strong>hic</strong></span> <span class='ocrx_word' id='word_1_190' title='bbox 764 3260 947 3310; x_wconf 85' lang='lat' dir='ltr'><strong>innuat</strong></span> <span class='ocrx_word' id='word_1_191' title='bbox 970 3260 1219 3311; x_wconf 73' lang='lat' dir='ltr'><strong>schottus</strong></span> <span class='ocrx_word' id='word_1_192' title='bbox 1242 3277 1341 3325; x_wconf 85' lang='lat' dir='ltr'><strong>ego</strong></span> <span class='ocrx_word' id='word_1_193' title='bbox 1362 3262 1571 3327; x_wconf 83' lang='lat' dir='ltr'><strong>quidem</strong></span> 
     </span>
     <span class='ocr_line' id='line_1_38' title="bbox 506 3336 1572 3399; baseline 0.002 -14"><span class='ocrx_word' id='word_1_194' title='bbox 506 3336 712 3399; x_wconf 77' lang='lat' dir='ltr'><strong>ignoro,</strong></span> <span class='ocrx_word' id='word_1_195' title='bbox 733 3337 825 3387; x_wconf 84' lang='lat' dir='ltr'><strong>sed</strong></span> <span class='ocrx_word' id='word_1_196' title='bbox 849 3339 947 3388; x_wconf 91' lang='lat' dir='ltr'><strong>boc</strong></span> <span class='ocrx_word' id='word_1_197' title='bbox 971 3344 1171 3392; x_wconf 75' lang='lat' dir='ltr'><strong>certum</strong></span> <span class='ocrx_word' id='word_1_198' title='bbox 1193 3346 1280 3388; x_wconf 88' lang='lat' dir='ltr'><strong>est</strong></span> <span class='ocrx_word' id='word_1_199' title='bbox 1299 3339 1442 3399; x_wconf 85' lang='lat' dir='ltr'><strong>mibi,</strong></span> <span class='ocrx_word' id='word_1_200' title='bbox 1465 3353 1572 3387; x_wconf 89' lang='lat' dir='ltr'><strong>me-</strong></span> 
     </span>
     <span class='ocr_line' id='line_1_39' title="bbox 507 3412 1569 3464; baseline 0.003 -3"><span class='ocrx_word' id='word_1_201' title='bbox 507 3412 609 3462; x_wconf 88' lang='lat' dir='ltr'><strong>lius</strong></span> <span class='ocrx_word' id='word_1_202' title='bbox 644 3413 728 3462; x_wconf 84' lang='lat' dir='ltr'><strong>hic</strong></span> <span class='ocrx_word' id='word_1_203' title='bbox 763 3428 865 3464; x_wconf 90' lang='lat' dir='ltr'><strong>non</strong></span> <span class='ocrx_word' id='word_1_204' title='bbox 908 3430 1024 3464; x_wconf 81' lang='lat' dir='ltr'><strong>esse</strong></span> <span class='ocrx_word' id='word_1_205' title='bbox 1053 3414 1213 3463; x_wconf 87' lang='lat' dir='ltr'><strong>dandi</strong></span> <span class='ocrx_word' id='word_1_206' title='bbox 1240 3428 1380 3464; x_wconf 83' lang='lat' dir='ltr'><strong>casu.</strong></span> <span class='ocrx_word' id='word_1_207' title='bbox 1449 3416 1569 3464; x_wconf 89' lang='lat' dir='ltr'><strong>Non</strong></span> 
     </span>
     <span class='ocr_line' id='line_1_40' title="bbox 505 3489 1572 3552; baseline 0.002 -15"><span class='ocrx_word' id='word_1_208' title='bbox 505 3489 679 3538; x_wconf 79' lang='lat' dir='ltr'><strong>minus</strong></span> <span class='ocrx_word' id='word_1_209' title='bbox 694 3490 830 3538; x_wconf 85' lang='lat' dir='ltr'><strong>euim</strong></span> <span class='ocrx_word' id='word_1_210' title='bbox 850 3491 1117 3552; x_wconf 71' lang='lat' dir='ltr'><strong>eleganter</strong></span> <span class='ocrx_word' id='word_1_211' title='bbox 1139 3490 1397 3539; x_wconf 72' lang='lat' dir='ltr'><strong>ablativus</strong></span> <span class='ocrx_word' id='word_1_212' title='bbox 1420 3490 1572 3539; x_wconf 86' lang='lat' dir='ltr'><strong>abso-</strong></span> 
     </span>
     <span class='ocr_line' id='line_1_41' title="bbox 509 3563 1571 3629; baseline 0.004 -17"><span class='ocrx_word' id='word_1_213' title='bbox 509 3563 650 3613; x_wconf 76' lang='lat' dir='ltr'><strong>lut‘us</strong></span> <span class='ocrx_word' id='word_1_214' title='bbox 673 3565 898 3629; x_wconf 81' lang='lat' dir='ltr'><strong>ponitur,</strong></span> <span class='ocrx_word' id='word_1_215' title='bbox 921 3565 1009 3615; x_wconf 89' lang='lat' dir='ltr'><strong>ubi</strong></span> <span class='ocrx_word' id='word_1_216' title='bbox 1031 3565 1238 3615; x_wconf 76' lang='lat' dir='ltr'><strong>dativus</strong></span> <span class='ocrx_word' id='word_1_217' title='bbox 1266 3566 1571 3629; x_wconf 84' lang='lat' dir='ltr'><strong>requireba-</strong></span> 
     </span>
     <span class='ocr_line' id='line_1_42' title="bbox 510 3640 1570 3693; baseline 0.004 -5"><span class='ocrx_word' id='word_1_218' title='bbox 510 3647 617 3688; x_wconf 84' lang='lat' dir='ltr'><strong>tur.</strong></span> <span class='ocrx_word' id='word_1_219' title='bbox 679 3640 923 3691; x_wconf 77' lang='lat' dir='ltr'><strong>Juvenal.</strong></span> <span class='ocrx_word' id='word_1_220' title='bbox 966 3642 1078 3691; x_wconf 86' lang='lat' dir='ltr'><strong>Sat.</strong></span> <span class='ocrx_word' id='word_1_221' title='bbox 1129 3654 1170 3689; x_wconf 83' lang='grc' dir='ltr'><strong>ι.</strong></span> <span class='ocrx_word' id='word_1_222' title='bbox 1204 3646 1288 3691; x_wconf 83' lang='grc'><strong>70.</strong></span> <span class='ocrx_word' id='word_1_223' title='bbox 1332 3645 1348 3671; x_wconf 80' lang='lat'>⁶</span> <span class='ocrx_word' id='word_1_224' title='bbox 1374 3643 1570 3693; x_wconf 88' lang='lat' dir='ltr'><strong>Miscet</strong></span> 
     </span>
     <span class='ocr_line' id='line_1_43' title="bbox 508 3711 1571 3783; baseline 0.005 -20"><span class='ocrx_word' id='word_1_225' title='bbox 508 3711 620 3766; x_wconf 82' lang='lat' dir='ltr'><strong>viro</strong></span> <span class='ocrx_word' id='word_1_226' title='bbox 639 3717 855 3767; x_wconf 72' lang='lat' dir='ltr'><strong>sitiente</strong></span> <span class='ocrx_word' id='word_1_227' title='bbox 878 3716 1156 3767; x_wconf 83' lang='lat' dir='ltr'><strong>rubetam.’</strong></span> <span class='ocrx_word' id='word_1_228' title='bbox 1204 3718 1345 3767; x_wconf 86' lang='lat' dir='ltr'><strong>Vide</strong></span> <span class='ocrx_word' id='word_1_229' title='bbox 1368 3733 1484 3783; x_wconf 81' lang='lat' dir='ltr'><strong>quae</strong></span> <span class='ocrx_word' id='word_1_230' title='bbox 1507 3734 1571 3768; x_wconf 91' lang='lat' dir='ltr'><strong>eo</strong></span> 
     </span>
     <span class='ocr_line' id='line_1_44' title="bbox 510 3794 1573 3846; baseline 0.001 -2"><span class='ocrx_word' id='word_1_231' title='bbox 510 3795 627 3845; x_wconf 87' lang='lat' dir='ltr'><strong>loco</strong></span> <span class='ocrx_word' id='word_1_232' title='bbox 682 3794 903 3846; x_wconf 84' lang='lat' dir='ltr'><strong>adduxit</strong></span> <span class='ocrx_word' id='word_1_233' title='bbox 951 3794 1305 3845; x_wconf 85' lang='lat' dir='ltr'><strong>Britannicus.</strong></span> <span class='ocrx_word' id='word_1_234' title='bbox 1356 3796 1573 3845; x_wconf 86' lang='lat' dir='ltr'><strong>Sallust.</strong></span> 
     </span>
     <span class='ocr_line' id='line_1_45' title="bbox 508 3867 1571 3938; baseline -0.002 -13"><span class='ocrx_word' id='word_1_235' title='bbox 508 3867 633 3936; x_wconf 72' lang='lat' dir='ltr'><strong>Jug.</strong></span> <span class='ocrx_word' id='word_1_236' title='bbox 674 3889 721 3923; x_wconf 89' lang='lat' dir='ltr'><strong>c.</strong></span> <span class='ocrx_word' id='word_1_237' title='bbox 748 3878 831 3924; x_wconf 71' lang='lat'><strong>63.</strong></span> <span class='ocrx_word' id='word_1_238' title='bbox 867 3876 895 3938; x_wconf 84' lang='lat'>§</span> <span class='ocrx_word' id='word_1_239' title='bbox 938 3878 985 3922; x_wconf 90' lang='lat'><strong>1.</strong></span> <span class='ocrx_word' id='word_1_240' title='bbox 1016 3880 1032 3902; x_wconf 78' lang='lat'><strong><em>⁴</em></strong></span> <span class='ocrx_word' id='word_1_241' title='bbox 1060 3873 1231 3923; x_wconf 83' lang='lat' dir='ltr'><strong>Mario</strong></span> <span class='ocrx_word' id='word_1_242' title='bbox 1256 3887 1353 3935; x_wconf 87' lang='lat' dir='ltr'><strong>per</strong></span> <span class='ocrx_word' id='word_1_243' title='bbox 1372 3874 1571 3923; x_wconf 83' lang='lat' dir='ltr'><strong>hostias</strong></span> 
     </span>
     <span class='ocr_line' id='line_1_46' title="bbox 507 3950 1572 4014; baseline 0 -15"><span class='ocrx_word' id='word_1_244' title='bbox 507 3950 609 4000; x_wconf 88' lang='lat' dir='ltr'><strong>Dis</strong></span> <span class='ocrx_word' id='word_1_245' title='bbox 647 3951 976 4013; x_wconf 71' lang='lat' dir='ltr'><strong>supplicante</strong></span> <span class='ocrx_word' id='word_1_246' title='bbox 1010 3963 1198 4011; x_wconf 77' lang='lat' dir='ltr'><strong>magna</strong></span> <span class='ocrx_word' id='word_1_247' title='bbox 1227 3957 1385 4014; x_wconf 87' lang='lat' dir='ltr'><strong>atque</strong></span> <span class='ocrx_word' id='word_1_248' title='bbox 1416 3951 1572 3999; x_wconf 85' lang='lat' dir='ltr'><strong>mira·</strong></span> 
     </span>
     <span class='ocr_line' id='line_1_47' title="bbox 509 4025 1572 4089; baseline 0.001 -15"><span class='ocrx_word' id='word_1_249' title='bbox 509 4026 635 4075; x_wconf 80' lang='lat' dir='ltr'><strong>bilia</strong></span> <span class='ocrx_word' id='word_1_250' title='bbox 658 4026 894 4089; x_wconf 86' lang='lat' dir='ltr'><strong>portendi</strong></span> <span class='ocrx_word' id='word_1_251' title='bbox 918 4025 1176 4089; x_wconf 70' lang='lat' dir='ltr'><strong>haruspex</strong></span> <span class='ocrx_word' id='word_1_252' title='bbox 1199 4025 1463 4074; x_wconf 83' lang='lat' dir='ltr'><strong>dixerat:&#39;</strong></span> <span class='ocrx_word' id='word_1_253' title='bbox 1494 4026 1572 4075; x_wconf 87' lang='lat' dir='ltr'><strong>sic</strong></span> 
     </span>
     <span class='ocr_line' id='line_1_48' title="bbox 509 4102 1574 4165; baseline 0 -13"><span class='ocrx_word' id='word_1_254' title='bbox 509 4116 577 4152; x_wconf 73' lang='lat' dir='ltr'><strong>ex</strong></span> <span class='ocrx_word' id='word_1_255' title='bbox 600 4103 707 4152; x_wconf 86' lang='lat' dir='ltr'><strong>suis</strong></span> <span class='ocrx_word' id='word_1_256' title='bbox 728 4102 882 4152; x_wconf 87' lang='lat' dir='ltr'><strong>codd.</strong></span> <span class='ocrx_word' id='word_1_257' title='bbox 909 4109 1182 4165; x_wconf 82' lang='lat' dir='ltr'><strong>receperat</strong></span> <span class='ocrx_word' id='word_1_258' title='bbox 1203 4102 1431 4163; x_wconf 75' lang='lat' dir='ltr'><strong>Cottius,</strong></span> <span class='ocrx_word' id='word_1_259' title='bbox 1454 4104 1574 4152; x_wconf 85' lang='lat' dir='ltr'><strong>alio·</strong></span> 
     </span>
     <span class='ocr_line' id='line_1_49' title="bbox 509 4178 1571 4243; baseline 0.001 -15"><span class='ocrx_word' id='word_1_260' title='bbox 509 4189 727 4243; x_wconf 83' lang='lat' dir='ltr'><strong>rumque</strong></span> <span class='ocrx_word' id='word_1_261' title='bbox 741 4179 1057 4242; x_wconf 84' lang='lat' dir='ltr'><strong>scriptorum</strong></span> <span class='ocrx_word' id='word_1_262' title='bbox 1076 4178 1386 4228; x_wconf 75' lang='lat' dir='ltr'><strong>testimoniis</strong></span> <span class='ocrx_word' id='word_1_263' title='bbox 1410 4180 1571 4229; x_wconf 90' lang='lat' dir='ltr'><strong>muni·</strong></span> 
     </span>
     <span class='ocr_line' id='line_1_50' title="bbox 510 4253 1574 4317; baseline 0.003 -15"><span class='ocrx_word' id='word_1_264' title='bbox 510 4254 605 4304; x_wconf 79' lang='lat' dir='ltr'><strong>vit.</strong></span> <span class='ocrx_word' id='word_1_265' title='bbox 666 4254 841 4317; x_wconf 78' lang='lat' dir='ltr'><strong>Juuge</strong></span> <span class='ocrx_word' id='word_1_266' title='bbox 883 4255 1174 4304; x_wconf 80' lang='lat' dir='ltr'><strong>comment.</strong></span> <span class='ocrx_word' id='word_1_267' title='bbox 1215 4253 1283 4305; x_wconf 86' lang='lat' dir='ltr'><strong>ad</strong></span> <span class='ocrx_word' id='word_1_268' title='bbox 1325 4255 1467 4307; x_wconf 86' lang='lat' dir='ltr'><strong>Just.</strong></span> <span class='ocrx_word' id='word_1_269' title='bbox 1508 4267 1574 4305; x_wconf 71' lang='grc' dir='ltr'><strong>ιι.</strong></span> 
     </span>
     <span class='ocr_line' id='line_1_51' title="bbox 510 4330 1572 4397; baseline 0.004 -18"><span class='ocrx_word' id='word_1_270' title='bbox 510 4333 559 4379; x_wconf 73' lang='grc'><strong>3.</strong></span> <span class='ocrx_word' id='word_1_271' title='bbox 587 4331 624 4394; x_wconf 75' lang='lat'>§</span> <span class='ocrx_word' id='word_1_272' title='bbox 649 4335 728 4381; x_wconf 81' lang='lat'><strong>16.</strong></span> <span class='ocrx_word' id='word_1_273' title='bbox 749 4338 805 4381; x_wconf 88' lang='lat' dir='ltr'><strong>et</strong></span> <span class='ocrx_word' id='word_1_274' title='bbox 835 4331 1031 4381; x_wconf 83' lang='lat' dir='ltr'><strong>Duker.</strong></span> <span class='ocrx_word' id='word_1_275' title='bbox 1051 4330 1119 4381; x_wconf 84' lang='lat' dir='ltr'><strong>ad</strong></span> <span class='ocrx_word' id='word_1_276' title='bbox 1156 4332 1298 4382; x_wconf 87' lang='lat' dir='ltr'><strong>Flor.</strong></span> <span class='ocrx_word' id='word_1_277' title='bbox 1324 4344 1403 4383; x_wconf 78' lang='lat' dir='ltr'><strong>xv.</strong></span> <span class='ocrx_word' id='word_1_278' title='bbox 1428 4336 1508 4383; x_wconf 78' lang='lat'><strong>12.</strong></span> <span class='ocrx_word' id='word_1_279' title='bbox 1542 4334 1572 4397; x_wconf 83' lang='lat'>§</span> 
     </span>
    </p>
   </div>
   <div class='ocr_carea' id='block_1_5' title="bbox 1210 429 2023 482">
    <p class='ocr_par' dir='ltr' id='par_1_6' title="bbox 1210 429 2023 482">
     <span class='ocr_line' id='line_1_52' title="bbox 1210 429 2023 482; baseline 0.002 -3"><span class='ocrx_word' id='word_1_280' title='bbox 1210 430 1428 482; x_wconf 76' lang='lat' dir='ltr'><strong>NOTAE</strong></span> <span class='ocrx_word' id='word_1_281' title='bbox 1476 429 1890 481; x_wconf 76' lang='lat' dir='ltr'>VARIORUM</span> <span class='ocrx_word' id='word_1_282' title='bbox 1937 430 2023 481; x_wconf 76' lang='lat' dir='ltr'><strong>m</strong></span> 
     </span>
    </p>
   </div>
   <div class='ocr_carea' id='block_1_6' title="bbox 1644 575 2739 4391">
    <p class='ocr_par' dir='ltr' id='par_1_7' title="bbox 1645 575 2719 1096">
     <span class='ocr_line' id='line_1_53' title="bbox 1647 575 2719 642; baseline 0.004 -17"><span class='ocrx_word' id='word_1_283' title='bbox 1647 580 1731 626; x_wconf 78' lang='lat'><strong>28.</strong></span> <span class='ocrx_word' id='word_1_284' title='bbox 1793 575 1941 626; x_wconf 76' lang='lat' dir='ltr'><strong>Infra</strong></span> <span class='ocrx_word' id='word_1_285' title='bbox 1974 577 2117 642; x_wconf 85' lang='lat' dir='ltr'><strong>Eplt.</strong></span> <span class='ocrx_word' id='word_1_286' title='bbox 2142 591 2189 627; x_wconf 92' lang='lat' dir='ltr'><strong>c.</strong></span> <span class='ocrx_word' id='word_1_287' title='bbox 2212 581 2292 628; x_wconf 73' lang='lat'><strong>12.</strong></span> <span class='ocrx_word' id='word_1_288' title='bbox 2320 579 2350 642; x_wconf 58' lang='grc' dir='ltr'>ᾧ</span> <span class='ocrx_word' id='word_1_289' title='bbox 2372 581 2426 626; x_wconf 77' lang='lat'><strong>5.</strong></span> <span class='ocrx_word' id='word_1_290' title='bbox 2445 578 2463 607; x_wconf 86' lang='lat'>‘</span> <span class='ocrx_word' id='word_1_291' title='bbox 2485 576 2719 630; x_wconf 83' lang='lat' dir='ltr'><strong>Dicente</strong></span> 
     </span>
     <span class='ocr_line' id='line_1_54' title="bbox 1647 653 2716 714; baseline 0.002 -11"><span class='ocrx_word' id='word_1_292' title='bbox 1647 653 1844 714; x_wconf 78' lang='lat' dir='ltr'><strong>Nerva,</strong></span> <span class='ocrx_word' id='word_1_293' title='bbox 1867 653 2007 705; x_wconf 80' lang='lat' dir='ltr'><strong>Quid</strong></span> <span class='ocrx_word' id='word_1_294' title='bbox 2044 669 2181 704; x_wconf 87' lang='lat' dir='ltr'><strong>nuuc</strong></span> <span class='ocrx_word' id='word_1_295' title='bbox 2208 653 2431 710; x_wconf 81' lang='lat' dir='ltr'><strong>faceret,</strong></span> <span class='ocrx_word' id='word_1_296' title='bbox 2462 656 2509 704; x_wconf 84' lang='lat' dir='ltr'><strong>si</strong></span> <span class='ocrx_word' id='word_1_297' title='bbox 2535 657 2716 705; x_wconf 85' lang='lat' dir='ltr'><strong>Domi·</strong></span> 
     </span>
     <span class='ocr_line' id='line_1_55' title="bbox 1647 728 2712 796; baseline 0.003 -17"><span class='ocrx_word' id='word_1_298' title='bbox 1647 729 1789 780; x_wconf 87' lang='lat' dir='ltr'><strong>tiano</strong></span> <span class='ocrx_word' id='word_1_299' title='bbox 1801 730 2188 793; x_wconf 79' lang='lat' dir='ltr'><strong>supervixisset,</strong></span> <span class='ocrx_word' id='word_1_300' title='bbox 2211 728 2521 792; x_wconf 83' lang='lat' dir='ltr'><strong>Nobiscum,</strong></span> <span class='ocrx_word' id='word_1_301' title='bbox 2541 732 2712 796; x_wconf 88' lang='lat' dir='ltr'><strong>inquit</strong></span> 
     </span>
     <span class='ocr_line' id='line_1_56' title="bbox 1645 804 2714 867; baseline 0.001 -11"><span class='ocrx_word' id='word_1_302' title='bbox 1645 805 1929 861; x_wconf 84' lang='lat' dir='ltr'><strong>Mauricus,</strong></span> <span class='ocrx_word' id='word_1_303' title='bbox 1945 804 2223 855; x_wconf 82' lang='lat' dir='ltr'><strong>coeusret·’</strong></span> <span class='ocrx_word' id='word_1_304' title='bbox 2258 806 2342 855; x_wconf 93' lang='lat' dir='ltr'><strong>ubi</strong></span> <span class='ocrx_word' id='word_1_305' title='bbox 2357 806 2577 857; x_wconf 79' lang='lat' dir='ltr'><strong>fortasse</strong></span> <span class='ocrx_word' id='word_1_306' title='bbox 2601 809 2714 867; x_wconf 82' lang='lat' dir='ltr'><strong>plu-</strong></span> 
     </span>
     <span class='ocr_line' id='line_1_57' title="bbox 1648 882 2721 947; baseline 0.003 -16"><span class='ocrx_word' id='word_1_307' title='bbox 1648 897 1722 934; x_wconf 87' lang='lat' dir='ltr'><strong>ra.</strong></span> <span class='ocrx_word' id='word_1_308' title='bbox 1788 882 2018 947; x_wconf 84' lang='lat' dir='ltr'><strong>Ideoque</strong></span> <span class='ocrx_word' id='word_1_309' title='bbox 2057 885 2154 934; x_wconf 81' lang='lat' dir='ltr'><strong>boc</strong></span> <span class='ocrx_word' id='word_1_310' title='bbox 2196 884 2313 932; x_wconf 89' lang='lat' dir='ltr'><strong>loco</strong></span> <span class='ocrx_word' id='word_1_311' title='bbox 2346 883 2472 933; x_wconf 88' lang='lat' dir='ltr'><strong>nibil</strong></span> <span class='ocrx_word' id='word_1_312' title='bbox 2518 887 2721 934; x_wconf 85' lang='lat' dir='ltr'><strong>temere</strong></span> 
     </span>
     <span class='ocr_line' id='line_1_58' title="bbox 1646 955 2716 1046; baseline 0.003 -39"><span class='ocrx_word' id='word_1_313' title='bbox 1646 955 1819 1008; x_wconf 80' lang='lat' dir='ltr'><strong>fuerat</strong></span> <span class='ocrx_word' id='word_1_314' title='bbox 1853 957 2175 1021; x_wconf 86' lang='lat' dir='ltr'><strong>mutandum,</strong></span> <span class='ocrx_word' id='word_1_315' title='bbox 2211 962 2500 1022; x_wconf 64' lang='lat' dir='ltr'><strong>presertim</strong></span> <span class='ocrx_word' id='word_1_316' title='bbox 2536 961 2716 1046; x_wconf 79' lang='lat' dir='ltr'><strong>invitis</strong></span> 
     </span>
     <span class='ocr_line' id='line_1_59' title="bbox 1647 1034 2344 1096; baseline 0.001 -12"><span class='ocrx_word' id='word_1_317' title='bbox 1647 1034 1800 1085; x_wconf 85' lang='lat' dir='ltr'><strong>editt.</strong></span> <span class='ocrx_word' id='word_1_318' title='bbox 1827 1043 1883 1083; x_wconf 88' lang='lat' dir='ltr'><strong>et</strong></span> <span class='ocrx_word' id='word_1_319' title='bbox 1905 1035 2136 1096; x_wconf 83' lang='lat' dir='ltr'><strong>scriptis.</strong></span> <span class='ocrx_word' id='word_1_320' title='bbox 2165 1034 2344 1085; x_wconf 58' lang='grc' dir='ltr'><strong>..ἀι-πει.</strong></span> 
     </span>
    </p>

    <p class='ocr_par' dir='ltr' id='par_1_8' title="bbox 1647 1110 2727 1394">
     <span class='ocr_line' id='line_1_60' title="bbox 1712 1110 2720 1178; baseline 0.004 -18"><span class='ocrx_word' id='word_1_321' title='bbox 1712 1110 2004 1175; x_wconf 72' lang='lat' dir='ltr'><strong>Abrogavit]</strong></span> <span class='ocrx_word' id='word_1_322' title='bbox 2040 1112 2130 1161; x_wconf 83' lang='lat' dir='ltr'><strong>Sic</strong></span> <span class='ocrx_word' id='word_1_323' title='bbox 2154 1112 2275 1162; x_wconf 76' lang='lat' dir='ltr'><strong>hon</strong></span> <span class='ocrx_word' id='word_1_324' title='bbox 2295 1113 2518 1178; x_wconf 78' lang='lat' dir='ltr'><strong>antiqui</strong></span> <span class='ocrx_word' id='word_1_325' title='bbox 2565 1114 2720 1164; x_wconf 86' lang='lat' dir='ltr'><strong>Unus</strong></span> 
     </span>
     <span class='ocr_line' id='line_1_61' title="bbox 1647 1188 2722 1243; baseline 0.004 -5"><span class='ocrx_word' id='word_1_326' title='bbox 1647 1188 1830 1239; x_wconf 83' lang='lat' dir='ltr'><strong>scribit</strong></span> <span class='ocrx_word' id='word_1_327' title='bbox 1867 1189 2122 1239; x_wconf 71' lang='lat' dir='ltr'><strong>abdicauit.</strong></span> <span class='ocrx_word' id='word_1_328' title='bbox 2189 1190 2369 1239; x_wconf 85' lang='lat' dir='ltr'><strong>Falso.</strong></span> <span class='ocrx_word' id='word_1_329' title='bbox 2421 1206 2539 1240; x_wconf 88' lang='lat' dir='ltr'><strong>nam</strong></span> <span class='ocrx_word' id='word_1_330' title='bbox 2582 1192 2722 1243; x_wconf 84' lang='lat' dir='ltr'><strong>inse-</strong></span> 
     </span>
     <span class='ocr_line' id='line_1_62' title="bbox 1648 1265 2727 1329; baseline 0.004 -16"><span class='ocrx_word' id='word_1_331' title='bbox 1648 1266 1827 1329; x_wconf 87' lang='lat' dir='ltr'><strong>quenti</strong></span> <span class='ocrx_word' id='word_1_332' title='bbox 1852 1281 1987 1316; x_wconf 89' lang='lat' dir='ltr'><strong>auno</strong></span> <span class='ocrx_word' id='word_1_333' title='bbox 2007 1265 2245 1315; x_wconf 86' lang='lat' dir='ltr'><strong>tribunus</strong></span> <span class='ocrx_word' id='word_1_334' title='bbox 2269 1265 2432 1329; x_wconf 81' lang='lat' dir='ltr'><strong>plebis</strong></span> <span class='ocrx_word' id='word_1_335' title='bbox 2453 1266 2602 1317; x_wconf 82' lang='lat' dir='ltr'><strong>refici</strong></span> <span class='ocrx_word' id='word_1_336' title='bbox 2623 1282 2727 1318; x_wconf 81' lang='lat' dir='ltr'><strong>vo-·</strong></span> 
     </span>
     <span class='ocr_line' id='line_1_63' title="bbox 1647 1343 2282 1394; baseline 0.003 -3"><span class='ocrx_word' id='word_1_337' title='bbox 1647 1343 1743 1393; x_wconf 87' lang='lat' dir='ltr'><strong>luit</strong></span> <span class='ocrx_word' id='word_1_338' title='bbox 1766 1343 2056 1394; x_wconf 78' lang='lat' dir='ltr'><strong>Gracchus.</strong></span> <span class='ocrx_word' id='word_1_339' title='bbox 2090 1344 2282 1393; x_wconf 57' lang='grc' dir='ltr'><strong>θολοῦ.</strong></span> 
     </span>
    </p>

    <p class='ocr_par' dir='ltr' id='par_1_9' title="bbox 1646 1420 2723 2087">
     <span class='ocr_line' id='line_1_64' title="bbox 1712 1420 2721 1485; baseline 0.002 -16"><span class='ocrx_word' id='word_1_340' title='bbox 1712 1423 1740 1485; x_wconf 83' lang='lat'>§</span> <span class='ocrx_word' id='word_1_341' title='bbox 1763 1427 1793 1468; x_wconf 81' lang='lat'><strong>6</strong></span> <span class='ocrx_word' id='word_1_342' title='bbox 1834 1422 1900 1471; x_wconf 76' lang='lat' dir='ltr'><strong>Ur</strong></span> <span class='ocrx_word' id='word_1_343' title='bbox 1921 1421 2209 1483; x_wconf 73' lang='lat' dir='ltr'><strong>eufemiliu&#39;,</strong></span> <span class='ocrx_word' id='word_1_344' title='bbox 2226 1435 2333 1484; x_wconf 77' lang='lat' dir='ltr'><strong>quoe</strong></span> <span class='ocrx_word' id='word_1_345' title='bbox 2348 1422 2409 1470; x_wconf 78' lang='lat' dir='ltr'><strong>de</strong></span> <span class='ocrx_word' id='word_1_346' title='bbox 2436 1420 2596 1471; x_wconf 71' lang='lat' dir='ltr'><strong>Attali</strong></span> <span class='ocrx_word' id='word_1_347' title='bbox 2618 1422 2721 1471; x_wconf 68' lang='lat' dir='ltr'><strong>1·oe-</strong></span> 
     </span>
     <span class='ocr_line' id='line_1_65' title="bbox 1646 1496 2717 1561; baseline 0.003 -16"><span class='ocrx_word' id='word_1_348' title='bbox 1646 1498 1875 1561; x_wconf 75' lang='lat' dir='ltr'><strong>rediture]</strong></span> <span class='ocrx_word' id='word_1_349' title='bbox 1911 1498 2047 1546; x_wconf 87' lang='lat' dir='ltr'><strong>Vide</strong></span> <span class='ocrx_word' id='word_1_350' title='bbox 2082 1496 2215 1547; x_wconf 82' lang='lat' dir='ltr'><strong>iufra</strong></span> <span class='ocrx_word' id='word_1_351' title='bbox 2249 1512 2297 1547; x_wconf 91' lang='lat' dir='ltr'><strong>c.</strong></span> <span class='ocrx_word' id='word_1_352' title='bbox 2320 1502 2404 1547; x_wconf 84' lang='lat'><strong>80.</strong></span> <span class='ocrx_word' id='word_1_353' title='bbox 2426 1497 2629 1559; x_wconf 52' lang='lat' dir='ltr'><strong>famil&amp;</strong></span> <span class='ocrx_word' id='word_1_354' title='bbox 2660 1513 2717 1548; x_wconf 91' lang='lat' dir='ltr'><strong>e-</strong></span> 
     </span>
     <span class='ocr_line' id='line_1_66' title="bbox 1648 1574 2715 1638; baseline 0.004 -16"><span class='ocrx_word' id='word_1_355' title='bbox 1648 1574 1752 1623; x_wconf 87' lang='lat' dir='ltr'><strong>nim</strong></span> <span class='ocrx_word' id='word_1_356' title='bbox 1780 1574 1824 1623; x_wconf 88' lang='lat'><strong>1.</strong></span> <span class='ocrx_word' id='word_1_357' title='bbox 1847 1575 1909 1624; x_wconf 91' lang='lat' dir='ltr'><strong>C.</strong></span> <span class='ocrx_word' id='word_1_358' title='bbox 1933 1575 2034 1623; x_wconf 88' lang='lat' dir='ltr'><strong>illis</strong></span> <span class='ocrx_word' id='word_1_359' title='bbox 2061 1574 2326 1624; x_wconf 84' lang='lat' dir='ltr'><strong>veteribus</strong></span> <span class='ocrx_word' id='word_1_360' title='bbox 2358 1575 2556 1624; x_wconf 83' lang='lat' dir='ltr'><strong>usitata</strong></span> <span class='ocrx_word' id='word_1_361' title='bbox 2592 1591 2715 1638; x_wconf 84' lang='lat' dir='ltr'><strong>vox,</strong></span> 
     </span>
     <span class='ocr_line' id='line_1_67' title="bbox 1649 1651 2720 1715; baseline 0.004 -16"><span class='ocrx_word' id='word_1_362' title='bbox 1649 1658 1710 1700; x_wconf 86' lang='lat' dir='ltr'><strong>ut</strong></span> <span class='ocrx_word' id='word_1_363' title='bbox 1736 1652 1869 1701; x_wconf 87' lang='lat' dir='ltr'><strong>etin</strong></span> <span class='ocrx_word' id='word_1_364' title='bbox 1903 1665 2008 1702; x_wconf 70' lang='grc' dir='ltr'><strong>ιιι.</strong></span> <span class='ocrx_word' id='word_1_365' title='bbox 2073 1652 2331 1715; x_wconf 80' lang='lat' dir='ltr'><strong>Ulpianus</strong></span> <span class='ocrx_word' id='word_1_366' title='bbox 2353 1652 2490 1700; x_wconf 88' lang='lat' dir='ltr'><strong>euim</strong></span> <span class='ocrx_word' id='word_1_367' title='bbox 2523 1651 2609 1702; x_wconf 88' lang='lat' dir='ltr'><strong>tit.</strong></span> <span class='ocrx_word' id='word_1_368' title='bbox 2648 1654 2720 1703; x_wconf 86' lang='lat' dir='ltr'><strong>de</strong></span> 
     </span>
     <span class='ocr_line' id='line_1_68' title="bbox 1647 1726 2720 1792; baseline 0.005 -17"><span class='ocrx_word' id='word_1_369' title='bbox 1647 1727 1810 1778; x_wconf 77' lang='lat' dir='ltr'><strong>Ver-b.</strong></span> <span class='ocrx_word' id='word_1_370' title='bbox 1847 1726 2034 1784; x_wconf 65' lang='lat' dir='ltr'><strong>signif.</strong></span> <span class='ocrx_word' id='word_1_371' title='bbox 2069 1728 2336 1792; x_wconf 82' lang='lat' dir='ltr'><strong>duplicem</strong></span> <span class='ocrx_word' id='word_1_372' title='bbox 2369 1726 2519 1791; x_wconf 87' lang='lat' dir='ltr'><strong>facit,</strong></span> <span class='ocrx_word' id='word_1_373' title='bbox 2542 1743 2720 1780; x_wconf 83' lang='lat' dir='ltr'><strong>rerum</strong></span> 
     </span>
     <span class='ocr_line' id='line_1_69' title="bbox 1648 1805 2722 1870; baseline 0.004 -17"><span class='ocrx_word' id='word_1_374' title='bbox 1648 1812 1703 1854; x_wconf 86' lang='lat' dir='ltr'><strong>et</strong></span> <span class='ocrx_word' id='word_1_375' title='bbox 1726 1819 2081 1868; x_wconf 81' lang='lat' dir='ltr'><strong>personarum.</strong></span> <span class='ocrx_word' id='word_1_376' title='bbox 2140 1805 2357 1867; x_wconf 85' lang='lat' dir='ltr'><strong>Rerum,</strong></span> <span class='ocrx_word' id='word_1_377' title='bbox 2380 1814 2440 1855; x_wconf 91' lang='lat' dir='ltr'><strong>ut</strong></span> <span class='ocrx_word' id='word_1_378' title='bbox 2463 1807 2518 1854; x_wconf 90' lang='lat' dir='ltr'><strong>in</strong></span> <span class='ocrx_word' id='word_1_379' title='bbox 2541 1808 2722 1870; x_wconf 85' lang='lat' dir='ltr'><strong>legum</strong></span> 
     </span>
     <span class='ocr_line' id='line_1_70' title="bbox 1650 1882 2722 1946; baseline 0.002 -14"><span class='ocrx_word' id='word_1_380' title='bbox 1650 1896 1757 1934; x_wconf 84' lang='lat' dir='ltr'><strong>xn.</strong></span> <span class='ocrx_word' id='word_1_381' title='bbox 1798 1883 2031 1932; x_wconf 83' lang='lat' dir='ltr'><strong>Tabulis.</strong></span> <span class='ocrx_word' id='word_1_382' title='bbox 2110 1882 2385 1946; x_wconf 76' lang='lat' dir='ltr'><strong>Significat</strong></span> <span class='ocrx_word' id='word_1_383' title='bbox 2429 1883 2569 1933; x_wconf 88' lang='lat' dir='ltr'><strong>euim</strong></span> <span class='ocrx_word' id='word_1_384' title='bbox 2627 1884 2722 1934; x_wconf 91' lang='lat' dir='ltr'><strong>bo·</strong></span> 
     </span>
     <span class='ocr_line' id='line_1_71' title="bbox 1648 1958 2723 2011; baseline 0.003 -3"><span class='ocrx_word' id='word_1_385' title='bbox 1648 1974 1718 2011; x_wconf 85' lang='lat' dir='ltr'><strong>na</strong></span> <span class='ocrx_word' id='word_1_386' title='bbox 1755 1964 1810 2009; x_wconf 84' lang='lat' dir='ltr'><strong>et</strong></span> <span class='ocrx_word' id='word_1_387' title='bbox 1842 1958 2175 2009; x_wconf 81' lang='lat' dir='ltr'><strong>baereditates</strong></span> <span class='ocrx_word' id='word_1_388' title='bbox 2216 1958 2470 2009; x_wconf 83' lang='lat' dir='ltr'><strong>defuncti.</strong></span> <span class='ocrx_word' id='word_1_389' title='bbox 2537 1961 2723 2011; x_wconf 80' lang='lat' dir='ltr'><strong>Verba</strong></span> 
     </span>
     <span class='ocr_line' id='line_1_72' title="bbox 1650 2034 1834 2087; baseline 0.016 -3"><span class='ocrx_word' id='word_1_390' title='bbox 1650 2034 1834 2087; x_wconf 74' lang='lat' dir='ltr'><strong>attuli:</strong></span> 
     </span>
    </p>

    <p class='ocr_par' dir='ltr' id='par_1_10' title="bbox 1713 2123 2722 2164">
     <span class='ocr_line' id='line_1_73' title="bbox 1713 2123 2722 2164; baseline 0.002 -2"><span class='ocrx_word' id='word_1_391' title='bbox 1713 2123 2192 2162; x_wconf 65' lang='lat' dir='ltr'><strong>ramunmtus.</strong></span> <span class='ocrx_word' id='word_1_392' title='bbox 2246 2125 2314 2163; x_wconf 79' lang='lat' dir='ltr'><strong>st.</strong></span> <span class='ocrx_word' id='word_1_393' title='bbox 2363 2126 2722 2164; x_wconf 66' lang='lat' dir='ltr'><strong>m‘rssswa&#39;rve</strong></span> 
     </span>
    </p>

    <p class='ocr_par' dir='ltr' id='par_1_11' title="bbox 1644 2200 2739 4391">
     <span class='ocr_line' id='line_1_74' title="bbox 1775 2200 2721 2241; baseline 0.005 -5"><span class='ocrx_word' id='word_1_394' title='bbox 1775 2200 2060 2239; x_wconf 62' lang='lat' dir='ltr'><strong>monuwa.</strong></span> <span class='ocrx_word' id='word_1_395' title='bbox 2109 2200 2226 2239; x_wconf 74' lang='lat' dir='ltr'><strong>cvt.</strong></span> <span class='ocrx_word' id='word_1_396' title='bbox 2280 2202 2434 2239; x_wconf 82' lang='lat' dir='ltr'><strong>svvs.</strong></span> <span class='ocrx_word' id='word_1_397' title='bbox 2491 2203 2721 2241; x_wconf 69' lang='lat' dir='ltr'><strong>namins</strong></span> 
     </span>
     <span class='ocr_line' id='line_1_75' title="bbox 1776 2275 2723 2316; baseline 0.004 -4"><span class='ocrx_word' id='word_1_398' title='bbox 1776 2276 1907 2313; x_wconf 70' lang='lat' dir='ltr'><strong>une.</strong></span> <span class='ocrx_word' id='word_1_399' title='bbox 1937 2276 2106 2313; x_wconf 70' lang='lat' dir='ltr'><strong>esem</strong></span> <span class='ocrx_word' id='word_1_400' title='bbox 2143 2275 2464 2316; x_wconf 74' lang='lat' dir='ltr'><strong>ADGNATVS.</strong></span> <span class='ocrx_word' id='word_1_401' title='bbox 2508 2278 2723 2316; x_wconf 71' lang='lat' dir='ltr'><strong>Pnoxt-</strong></span> 
     </span>
     <span class='ocr_line' id='line_1_76' title="bbox 1758 2353 2724 2393; baseline 0.001 -3"><span class='ocrx_word' id='word_1_402' title='bbox 1758 2353 1904 2390; x_wconf 67' lang='lat' dir='ltr'><strong>uve.</strong></span> <span class='ocrx_word' id='word_1_403' title='bbox 1927 2353 2237 2390; x_wconf 64' lang='lat' dir='ltr'><strong>rammam.</strong></span> <span class='ocrx_word' id='word_1_404' title='bbox 2255 2355 2509 2391; x_wconf 65' lang='lat' dir='ltr'><strong>auimo.</strong></span> <span class='ocrx_word' id='word_1_405' title='bbox 2527 2357 2597 2391; x_wconf 79' lang='lat' dir='ltr'><strong>st.</strong></span> <span class='ocrx_word' id='word_1_406' title='bbox 2616 2356 2724 2393; x_wconf 67' lang='lat' dir='ltr'><strong>an·</strong></span> 
     </span>
     <span class='ocr_line' id='line_1_77' title="bbox 1775 2429 2722 2470; baseline 0.004 -4"><span class='ocrx_word' id='word_1_407' title='bbox 1775 2429 2020 2467; x_wconf 64' lang='lat' dir='ltr'><strong>uusrvs.</strong></span> <span class='ocrx_word' id='word_1_408' title='bbox 2055 2431 2187 2467; x_wconf 71' lang='lat' dir='ltr'><strong>unc.</strong></span> <span class='ocrx_word' id='word_1_409' title='bbox 2225 2432 2399 2468; x_wconf 71' lang='lat' dir='ltr'><strong>nsct&#39;r.</strong></span> <span class='ocrx_word' id='word_1_410' title='bbox 2439 2432 2722 2470; x_wconf 69' lang='lat' dir='ltr'><strong>annuus</strong></span> 
     </span>
     <span class='ocr_line' id='line_1_78' title="bbox 1773 2506 2478 2545; baseline -0.001 -2"><span class='ocrx_word' id='word_1_411' title='bbox 1773 2506 2080 2544; x_wconf 64' lang='lat' dir='ltr'><strong>mutuam.</strong></span> <span class='ocrx_word' id='word_1_412' title='bbox 2102 2507 2478 2545; x_wconf 72' lang='lat' dir='ltr'><strong>Enctscvuw.</strong></span> 
     </span>
     <span class='ocr_line' id='line_1_79' title="bbox 1644 2570 2722 2622; baseline -0.001 0"><span class='ocrx_word' id='word_1_413' title='bbox 1644 2570 1800 2622; x_wconf 85' lang='lat' dir='ltr'><strong>Unde</strong></span> <span class='ocrx_word' id='word_1_414' title='bbox 1831 2571 1985 2621; x_wconf 87' lang='lat' dir='ltr'><strong>Caius</strong></span> <span class='ocrx_word' id='word_1_415' title='bbox 2020 2572 2055 2620; x_wconf 90' lang='lat' dir='ltr'><strong>l.</strong></span> <span class='ocrx_word' id='word_1_416' title='bbox 2090 2583 2128 2619; x_wconf 89' lang='grc' dir='ltr'><strong>ι.</strong></span> <span class='ocrx_word' id='word_1_417' title='bbox 2164 2572 2232 2620; x_wconf 89' lang='lat' dir='ltr'><strong>D.</strong></span> <span class='ocrx_word' id='word_1_418' title='bbox 2265 2571 2499 2620; x_wconf 74' lang='lat' dir='ltr'><strong>Famuiae</strong></span> <span class='ocrx_word' id='word_1_419' title='bbox 2539 2571 2722 2622; x_wconf 85' lang='lat' dir='ltr'><strong>Ercis-</strong></span> 
     </span>
     <span class='ocr_line' id='line_1_80' title="bbox 1644 2647 2739 2710; baseline 0 -11"><span class='ocrx_word' id='word_1_420' title='bbox 1644 2648 1852 2710; x_wconf 56' lang='lat' dir='ltr'><strong>eundae,</strong></span> <span class='ocrx_word' id='word_1_421' title='bbox 1870 2649 2131 2698; x_wconf 77' lang='lat' dir='ltr'><strong>actionem</strong></span> <span class='ocrx_word' id='word_1_422' title='bbox 2155 2647 2368 2699; x_wconf 65' lang='lat' dir='ltr'><strong>familia</strong></span> <span class='ocrx_word' id='word_1_423' title='bbox 2390 2648 2739 2699; x_wconf 77' lang='lat' dir='ltr'><strong>erciscundae·</strong></span> 
     </span>
     <span class='ocr_line' id='line_1_81' title="bbox 1644 2724 2722 2791; baseline 0.002 -17"><span class='ocrx_word' id='word_1_424' title='bbox 1644 2724 1902 2790; x_wconf 81' lang='lat' dir='ltr'><strong>proticisci</strong></span> <span class='ocrx_word' id='word_1_425' title='bbox 1934 2726 2010 2776; x_wconf 87' lang='lat' dir='ltr'><strong>ait</strong></span> <span class='ocrx_word' id='word_1_426' title='bbox 2041 2741 2073 2775; x_wconf 88' lang='lat' dir='ltr'><strong>a</strong></span> <span class='ocrx_word' id='word_1_427' title='bbox 2095 2737 2201 2775; x_wconf 78' lang='lat' dir='ltr'><strong>xit.</strong></span> <span class='ocrx_word' id='word_1_428' title='bbox 2268 2727 2414 2776; x_wconf 86' lang='lat' dir='ltr'><strong>Suet.</strong></span> <span class='ocrx_word' id='word_1_429' title='bbox 2446 2727 2644 2791; x_wconf 84' lang='lat' dir='ltr'><strong>Trauq.</strong></span> <span class='ocrx_word' id='word_1_430' title='bbox 2666 2726 2722 2776; x_wconf 86' lang='lat' dir='ltr'><strong>iu</strong></span> 
     </span>
     <span class='ocr_line' id='line_1_82' title="bbox 1645 2800 2722 2864; baseline 0 -12"><span class='ocrx_word' id='word_1_431' title='bbox 1645 2803 1861 2853; x_wconf 88' lang='lat' dir='ltr'><strong>Nerone</strong></span> <span class='ocrx_word' id='word_1_432' title='bbox 1896 2816 1943 2852; x_wconf 91' lang='lat' dir='ltr'><strong>c.</strong></span> <span class='ocrx_word' id='word_1_433' title='bbox 1972 2806 2033 2854; x_wconf 77' lang='grc'><strong>4.</strong></span> <span class='ocrx_word' id='word_1_434' title='bbox 2060 2802 2342 2851; x_wconf 82' lang='lat' dir='ltr'><strong>‘familiam</strong></span> <span class='ocrx_word' id='word_1_435' title='bbox 2366 2800 2383 2824; x_wconf 90' lang='lat'>&#39;</span> <span class='ocrx_word' id='word_1_436' title='bbox 2417 2816 2478 2850; x_wconf 81' lang='lat' dir='ltr'><strong>ea</strong></span> <span class='ocrx_word' id='word_1_437' title='bbox 2517 2801 2722 2864; x_wconf 80' lang='lat' dir='ltr'><strong>signifi·</strong></span> 
     </span>
     <span class='ocr_line' id='line_1_83' title="bbox 1644 2878 2724 2944; baseline -0.001 -15"><span class='ocrx_word' id='word_1_438' title='bbox 1644 2882 1855 2930; x_wconf 82' lang='lat' dir='ltr'><strong>catione</strong></span> <span class='ocrx_word' id='word_1_439' title='bbox 1886 2881 2125 2943; x_wconf 78' lang='lat' dir='ltr'><strong>usurpat.</strong></span> <span class='ocrx_word' id='word_1_440' title='bbox 2165 2878 2412 2944; x_wconf 87' lang='lat' dir='ltr'><strong>additque</strong></span> <span class='ocrx_word' id='word_1_441' title='bbox 2456 2884 2473 2908; x_wconf 78' lang='lat'>‘</span> <span class='ocrx_word' id='word_1_442' title='bbox 2501 2879 2724 2942; x_wconf 86' lang='lat' dir='ltr'><strong>pecuni-</strong></span> 
     </span>
     <span class='ocr_line' id='line_1_84' title="bbox 1646 2955 2723 3020; baseline -0.001 -14"><span class='ocrx_word' id='word_1_443' title='bbox 1646 2971 1729 3006; x_wconf 75' lang='lat' dir='ltr'><strong>am</strong></span> <span class='ocrx_word' id='word_1_444' title='bbox 1752 2956 1770 2982; x_wconf 81' lang='lat'>&#39;</span> <span class='ocrx_word' id='word_1_445' title='bbox 1820 2955 2116 3020; x_wconf 82' lang='lat' dir='ltr'><strong>explicandi</strong></span> <span class='ocrx_word' id='word_1_446' title='bbox 2172 2969 2375 3005; x_wconf 84' lang='lat' dir='ltr'><strong>caussa.</strong></span> <span class='ocrx_word' id='word_1_447' title='bbox 2456 2956 2723 3018; x_wconf 80' lang='lat' dir='ltr'><strong>Suspicor</strong></span> 
     </span>
     <span class='ocr_line' id='line_1_85' title="bbox 1647 3032 2720 3098; baseline -0.002 -15"><span class='ocrx_word' id='word_1_448' title='bbox 1647 3034 1807 3098; x_wconf 71' lang='lat' dir='ltr'><strong>igitur</strong></span> <span class='ocrx_word' id='word_1_449' title='bbox 1823 3033 2036 3093; x_wconf 69' lang='lat' dir='ltr'><strong>familia</strong></span> <span class='ocrx_word' id='word_1_450' title='bbox 2079 3032 2270 3095; x_wconf 90' lang='lat' dir='ltr'><strong>potius,</strong></span> <span class='ocrx_word' id='word_1_451' title='bbox 2304 3045 2456 3095; x_wconf 77' lang='lat' dir='ltr'><strong>quarn</strong></span> <span class='ocrx_word' id='word_1_452' title='bbox 2499 3032 2720 3095; x_wconf 74' lang='lat' dir='ltr'><strong>pecuniae</strong></span> 
     </span>
     <span class='ocr_line' id='line_1_86' title="bbox 1646 3107 2719 3173; baseline -0.001 -13"><span class='ocrx_word' id='word_1_453' title='bbox 1646 3126 1774 3161; x_wconf 84' lang='lat' dir='ltr'><strong>voce</strong></span> <span class='ocrx_word' id='word_1_454' title='bbox 1793 3125 1937 3159; x_wconf 86' lang='lat' dir='ltr'><strong>usum</strong></span> <span class='ocrx_word' id='word_1_455' title='bbox 1957 3110 2008 3158; x_wconf 91' lang='lat' dir='ltr'><strong>in</strong></span> <span class='ocrx_word' id='word_1_456' title='bbox 2027 3110 2146 3173; x_wconf 79' lang='lat' dir='ltr'><strong>lege</strong></span> <span class='ocrx_word' id='word_1_457' title='bbox 2164 3107 2395 3172; x_wconf 78' lang='lat' dir='ltr'><strong>roganda</strong></span> <span class='ocrx_word' id='word_1_458' title='bbox 2416 3108 2719 3159; x_wconf 81' lang='lat' dir='ltr'><strong>Gracchum</strong></span> 
     </span>
     <span class='ocr_line' id='line_1_87' title="bbox 1646 3183 2719 3251; baseline -0.004 -15"><span class='ocrx_word' id='word_1_459' title='bbox 1646 3187 2145 3251; x_wconf 87' lang='lat' dir='ltr'><strong>eloquentissimum,</strong></span> <span class='ocrx_word' id='word_1_460' title='bbox 2189 3192 2246 3234; x_wconf 88' lang='lat' dir='ltr'><strong>et</strong></span> <span class='ocrx_word' id='word_1_461' title='bbox 2291 3183 2564 3234; x_wconf 76' lang='lat' dir='ltr'><strong>verborum</strong></span> <span class='ocrx_word' id='word_1_462' title='bbox 2607 3190 2719 3233; x_wconf 83' lang='lat' dir='ltr'><strong>stu-</strong></span> 
     </span>
     <span class='ocr_line' id='line_1_88' title="bbox 1646 3261 2720 3326; baseline -0.003 -13"><span class='ocrx_word' id='word_1_463' title='bbox 1646 3263 2011 3323; x_wconf 88' lang='lat' dir='ltr'><strong>diosissimum,</strong></span> <span class='ocrx_word' id='word_1_464' title='bbox 2048 3262 2137 3326; x_wconf 90' lang='lat' dir='ltr'><strong>qui</strong></span> <span class='ocrx_word' id='word_1_465' title='bbox 2188 3277 2220 3310; x_wconf 88' lang='lat' dir='ltr'><strong>a</strong></span> <span class='ocrx_word' id='word_1_466' title='bbox 2263 3261 2505 3310; x_wconf 87' lang='lat' dir='ltr'><strong>Cornelia</strong></span> <span class='ocrx_word' id='word_1_467' title='bbox 2547 3263 2720 3310; x_wconf 83' lang='lat' dir='ltr'><strong>matre</strong></span> 
     </span>
     <span class='ocr_line' id='line_1_89' title="bbox 1646 3336 2720 3402; baseline -0.001 -13"><span class='ocrx_word' id='word_1_468' title='bbox 1646 3339 1866 3389; x_wconf 88' lang='lat' dir='ltr'><strong>eductus</strong></span> <span class='ocrx_word' id='word_1_469' title='bbox 1901 3353 2019 3388; x_wconf 90' lang='lat' dir='ltr'><strong>cum</strong></span> <span class='ocrx_word' id='word_1_470' title='bbox 2052 3336 2216 3387; x_wconf 83' lang='lat' dir='ltr'><strong>fratre</strong></span> <span class='ocrx_word' id='word_1_471' title='bbox 2258 3338 2570 3399; x_wconf 86' lang='lat' dir='ltr'><strong>liberaliter,</strong></span> <span class='ocrx_word' id='word_1_472' title='bbox 2610 3339 2720 3402; x_wconf 81' lang='lat' dir='ltr'><strong>elo·</strong></span> 
     </span>
     <span class='ocr_line' id='line_1_90' title="bbox 1645 3413 2719 3479; baseline 0.002 -17"><span class='ocrx_word' id='word_1_473' title='bbox 1645 3415 1911 3479; x_wconf 87' lang='lat' dir='ltr'><strong>quentiam</strong></span> <span class='ocrx_word' id='word_1_474' title='bbox 1934 3428 2050 3462; x_wconf 90' lang='lat' dir='ltr'><strong>cum</strong></span> <span class='ocrx_word' id='word_1_475' title='bbox 2083 3414 2221 3462; x_wconf 84' lang='lat' dir='ltr'><strong>lacte</strong></span> <span class='ocrx_word' id='word_1_476' title='bbox 2245 3413 2461 3463; x_wconf 85' lang='lat' dir='ltr'><strong>nutricis</strong></span> <span class='ocrx_word' id='word_1_477' title='bbox 2499 3413 2719 3464; x_wconf 84' lang='lat' dir='ltr'><strong>imbibe-</strong></span> 
     </span>
     <span class='ocr_line' id='line_1_91' title="bbox 1645 3486 2716 3560; baseline 0 -21"><span class='ocrx_word' id='word_1_478' title='bbox 1645 3499 1748 3539; x_wconf 88' lang='lat' dir='ltr'><strong>rat.</strong></span> <span class='ocrx_word' id='word_1_479' title='bbox 1811 3490 2000 3560; x_wconf 77' lang='lat' dir='ltr'><strong>Cicero</strong></span> <span class='ocrx_word' id='word_1_480' title='bbox 2046 3489 2099 3536; x_wconf 88' lang='lat' dir='ltr'><strong>in</strong></span> <span class='ocrx_word' id='word_1_481' title='bbox 2143 3488 2313 3537; x_wconf 85' lang='lat' dir='ltr'><strong>Bruto</strong></span> <span class='ocrx_word' id='word_1_482' title='bbox 2357 3496 2412 3537; x_wconf 91' lang='lat' dir='ltr'><strong>et</strong></span> <span class='ocrx_word' id='word_1_483' title='bbox 2461 3486 2716 3539; x_wconf 86' lang='lat' dir='ltr'><strong>Oratore.</strong></span> 
     </span>
     <span class='ocr_line' id='line_1_92' title="bbox 1646 3562 2717 3618; baseline -0.004 -1"><span class='ocrx_word' id='word_1_484' title='bbox 1646 3565 1902 3618; x_wconf 84' lang='lat' dir='ltr'><strong>Quinctil.</strong></span> <span class='ocrx_word' id='word_1_485' title='bbox 1936 3562 2025 3612; x_wconf 90' lang='lat' dir='ltr'><strong>lib.</strong></span> <span class='ocrx_word' id='word_1_486' title='bbox 2066 3577 2107 3612; x_wconf 91' lang='lat'><strong>1.</strong></span> <span class='ocrx_word' id='word_1_487' title='bbox 2171 3562 2279 3613; x_wconf 84' lang='lat' dir='ltr'><strong>Hic</strong></span> <span class='ocrx_word' id='word_1_488' title='bbox 2312 3571 2484 3612; x_wconf 88' lang='lat' dir='ltr'><strong>autem</strong></span> <span class='ocrx_word' id='word_1_489' title='bbox 2531 3579 2717 3613; x_wconf 81' lang='lat' dir='ltr'><strong>sensus</strong></span> 
     </span>
     <span class='ocr_line' id='line_1_93' title="bbox 1646 3641 2720 3706; baseline -0.002 -14"><span class='ocrx_word' id='word_1_490' title='bbox 1646 3651 1762 3694; x_wconf 78' lang='lat' dir='ltr'><strong>est:</strong></span> <span class='ocrx_word' id='word_1_491' title='bbox 1799 3642 1992 3705; x_wconf 71' lang='lat' dir='ltr'><strong>Legem</strong></span> <span class='ocrx_word' id='word_1_492' title='bbox 2034 3641 2402 3705; x_wconf 79' lang='lat' dir='ltr'><strong>promulgavit,</strong></span> <span class='ocrx_word' id='word_1_493' title='bbox 2433 3647 2494 3689; x_wconf 92' lang='lat' dir='ltr'><strong>ut</strong></span> <span class='ocrx_word' id='word_1_494' title='bbox 2530 3641 2594 3690; x_wconf 86' lang='lat' dir='ltr'><strong>iis</strong></span> <span class='ocrx_word' id='word_1_495' title='bbox 2625 3642 2720 3706; x_wconf 84' lang='lat' dir='ltr'><strong>qui</strong></span> 
     </span>
     <span class='ocr_line' id='line_1_94' title="bbox 1647 3718 2720 3785; baseline -0.004 -15"><span class='ocrx_word' id='word_1_496' title='bbox 1647 3720 1953 3785; x_wconf 84' lang='lat' dir='ltr'><strong>Sempronia</strong></span> <span class='ocrx_word' id='word_1_497' title='bbox 1988 3719 2104 3779; x_wconf 80' lang='lat' dir='ltr'><strong>lege</strong></span> <span class='ocrx_word' id='word_1_498' title='bbox 2139 3732 2318 3781; x_wconf 80' lang='lat' dir='ltr'><strong>agrum</strong></span> <span class='ocrx_word' id='word_1_499' title='bbox 2349 3718 2720 3780; x_wconf 68' lang='lat' dir='ltr'><strong>accipereue-</strong></span> 
     </span>
     <span class='ocr_line' id='line_1_95' title="bbox 1648 3794 2718 3859; baseline -0.003 -13"><span class='ocrx_word' id='word_1_500' title='bbox 1648 3797 1850 3854; x_wconf 84' lang='lat' dir='ltr'><strong>bereut,</strong></span> <span class='ocrx_word' id='word_1_501' title='bbox 1895 3796 2140 3859; x_wconf 85' lang='lat' dir='ltr'><strong>pecunia,</strong></span> <span class='ocrx_word' id='word_1_502' title='bbox 2185 3808 2301 3859; x_wconf 76' lang='lat' dir='ltr'><strong>quae</strong></span> <span class='ocrx_word' id='word_1_503' title='bbox 2361 3794 2501 3858; x_wconf 84' lang='lat' dir='ltr'><strong>regis</strong></span> <span class='ocrx_word' id='word_1_504' title='bbox 2545 3794 2718 3844; x_wconf 81' lang='lat' dir='ltr'><strong>Attali</strong></span> 
     </span>
     <span class='ocr_line' id='line_1_96' title="bbox 1646 3869 2717 3933; baseline -0.003 -11"><span class='ocrx_word' id='word_1_505' title='bbox 1646 3871 1853 3933; x_wconf 79' lang='lat' dir='ltr'><strong>fuisset,</strong></span> <span class='ocrx_word' id='word_1_506' title='bbox 1884 3870 2228 3920; x_wconf 82' lang='lat' dir='ltr'><strong>divideretur.</strong></span> <span class='ocrx_word' id='word_1_507' title='bbox 2296 3869 2578 3920; x_wconf 77' lang='lat' dir='ltr'><strong>Haeredem</strong></span> <span class='ocrx_word' id='word_1_508' title='bbox 2626 3886 2717 3919; x_wconf 85' lang='lat' dir='ltr'><strong>au-</strong></span> 
     </span>
     <span class='ocr_line' id='line_1_97' title="bbox 1647 3936 2714 4012; baseline -0.003 -14"><span class='ocrx_word' id='word_1_509' title='bbox 1647 3957 1751 3998; x_wconf 85' lang='lat' dir='ltr'><strong>tem</strong></span> <span class='ocrx_word' id='word_1_510' title='bbox 1800 3947 2089 4012; x_wconf 85' lang='lat' dir='ltr'><strong>reliquerat</strong></span> <span class='ocrx_word' id='word_1_511' title='bbox 2127 3946 2378 4009; x_wconf 85' lang='lat' dir='ltr'><strong>populum</strong></span> <span class='ocrx_word' id='word_1_512' title='bbox 2422 3936 2714 3995; x_wconf 83' lang='lat' dir='ltr'><strong>Romanurn</strong></span> 
     </span>
     <span class='ocr_line' id='line_1_98' title="bbox 1648 4022 2718 4086; baseline -0.006 -10"><span class='ocrx_word' id='word_1_513' title='bbox 1648 4026 1859 4076; x_wconf 80' lang='lat' dir='ltr'><strong>Attalus</strong></span> <span class='ocrx_word' id='word_1_514' title='bbox 1891 4023 2138 4086; x_wconf 84' lang='lat' dir='ltr'><strong>Pergami</strong></span> <span class='ocrx_word' id='word_1_515' title='bbox 2164 4037 2275 4080; x_wconf 79' lang='lat' dir='ltr'><strong>rex,</strong></span> <span class='ocrx_word' id='word_1_516' title='bbox 2309 4022 2527 4071; x_wconf 88' lang='lat' dir='ltr'><strong>Eumeni</strong></span> <span class='ocrx_word' id='word_1_517' title='bbox 2561 4022 2718 4084; x_wconf 84' lang='lat' dir='ltr'><strong>filius,</strong></span> 
     </span>
     <span class='ocr_line' id='line_1_99' title="bbox 1648 4097 2713 4166; baseline -0.005 -14"><span class='ocrx_word' id='word_1_518' title='bbox 1648 4103 1823 4166; x_wconf 84' lang='lat' dir='ltr'><strong>paullo</strong></span> <span class='ocrx_word' id='word_1_519' title='bbox 1849 4108 1972 4149; x_wconf 86' lang='lat' dir='ltr'><strong>aute</strong></span> <span class='ocrx_word' id='word_1_520' title='bbox 2007 4108 2256 4149; x_wconf 86' lang='lat' dir='ltr'><strong>mortuus.</strong></span> <span class='ocrx_word' id='word_1_521' title='bbox 2321 4097 2636 4147; x_wconf 80' lang='lat' dir='ltr'><strong>Plutarchus</strong></span> <span class='ocrx_word' id='word_1_522' title='bbox 2657 4099 2713 4147; x_wconf 88' lang='lat' dir='ltr'><strong>iu</strong></span> 
     </span>
     <span class='ocr_line' id='line_1_100' title="bbox 1648 4172 2715 4237; baseline -0.005 -9"><span class='ocrx_word' id='word_1_523' title='bbox 1648 4177 1905 4229; x_wconf 84' lang='lat' dir='ltr'><strong>Gracchis</strong></span> <span class='ocrx_word' id='word_1_524' title='bbox 1939 4172 2168 4232; x_wconf 72' lang='grc' dir='ltr'><strong>βασιλικὰ</strong></span> <span class='ocrx_word' id='word_1_525' title='bbox 2200 4172 2429 4236; x_wconf 75' lang='grc' dir='ltr'><strong><em>χρήματα</em></strong></span> <span class='ocrx_word' id='word_1_526' title='bbox 2463 4174 2715 4237; x_wconf 79' lang='lat' dir='ltr'><strong>appellat,</strong></span> 
     </span>
     <span class='ocr_line' id='line_1_101' title="bbox 1647 4251 2591 4323; baseline -0.012 -18"><span class='ocrx_word' id='word_1_527' title='bbox 1647 4270 1764 4323; x_wconf 78' lang='lat' dir='ltr'><strong>quoe</strong></span> <span class='ocrx_word' id='word_1_528' title='bbox 1787 4252 2080 4321; x_wconf 78' lang='lat' dir='ltr'><strong>hicsamilia</strong></span> <span class='ocrx_word' id='word_1_529' title='bbox 2095 4257 2195 4303; x_wconf 87' lang='lat' dir='ltr'><strong>est.</strong></span> <span class='ocrx_word' id='word_1_530' title='bbox 2232 4251 2423 4301; x_wconf 77' lang='lat' dir='ltr'><strong>Schott.</strong></span> <span class='ocrx_word' id='word_1_531' title='bbox 2587 4271 2591 4276; x_wconf 27' lang='grc' dir='ltr'><strong>Δ</strong></span> 
     </span>
     <span class='ocr_line' id='line_1_102' title="bbox 1715 4325 2715 4391; baseline -0.004 -10"><span class='ocrx_word' id='word_1_532' title='bbox 1715 4332 1801 4381; x_wconf 76' lang='lat' dir='ltr'><strong>Ex</strong></span> <span class='ocrx_word' id='word_1_533' title='bbox 1829 4328 1990 4380; x_wconf 75' lang='lat' dir='ltr'><strong>Attali</strong></span> <span class='ocrx_word' id='word_1_534' title='bbox 2021 4328 2303 4379; x_wconf 64' lang='lat' dir='ltr'><strong>hereditate</strong></span> <span class='ocrx_word' id='word_1_535' title='bbox 2336 4325 2468 4391; x_wconf 78' lang='lat' dir='ltr'><strong>erat]</strong></span> <span class='ocrx_word' id='word_1_536' title='bbox 2504 4327 2715 4380; x_wconf 83' lang='lat' dir='ltr'><strong>Plutar-</strong></span> 
     </span>
    </p>
   </div>
   <div class='ocr_carea' id='block_1_7' title="bbox 2963 69 2966 2187">
    <p class='ocr_par' dir='ltr' id='par_1_12' title="bbox 2963 69 2966 2187">
     <span class='ocr_line' id='line_1_103' title="bbox 2963 69 2966 2187; baseline 0 0"><span class='ocrx_word' id='word_1_537' title='bbox 2963 69 2966 2187; x_wconf 95' lang='lat' dir='ltr'><strong> </strong></span> 
     </span>
    </p>
   </div>
  </div>
 </body>
</html>
