3025 4934
526 391 689 457 788-

593 551 823 616 Felioevn]
843 550 949 603 Qui
966 549 1221 601 Pallantis
1238 549 1334 599 viri
1356 549 1589 614 antiquo

527 629 854 694 parsimonie
901 634 958 677 et
999 625 1363 677 moderationis
1404 626 1589 684 frater,

526 704 790 756 dissimilis
814 704 1027 767 ingenii,
1063 705 1080 732 ⁴
1095 703 1296 754 Judaeae
1319 703 1589 765 impositus

525 789 718 832 cuncta
749 777 1030 829 malefacta
1067 779 1277 843 impune
1310 779 1408 828 sibi
1441 785 1588 829 ratus

525 865 627 918 est,
665 864 811 906 tanta
846 856 1082 920 potentia
1100 854 1358 906 subnixo?
1422 856 1591 905 Tacit.

524 935 713 985 Annal.
736 934 826 984 lib.
852 947 962 984 ιιι.
1016 935 1185 985 Porro
1210 935 1467 986 Antonius
1489 936 1587 985 Fe·

525 1011 598 1061 lix
643 1011 955 1075 appellatus.
1018 1011 1160 1061 Huic
1204 1011 1586 1077 Hierosolyma

522 1085 783 1150 prefecto
817 1087 955 1136 stitit
994 1100 1050 1137 se
1090 1087 1254 1137 Divus
1285 1088 1501 1139 Paullus
1522 1090 1586 1138 de

522 1151 710 1212 hoe'resi
746 1168 1038 1213 accusatus.
1106 1165 1179 1214 D.
1221 1165 1391 1215 Lucas
1426 1165 1585 1216 Aeto·

522 1253 635 1288 rum
653 1239 845 1302 Apost.
870 1253 918 1288 c.
942 1252 1103 1288 xxiv·
1120 1238 1209 1289 ubi
1225 1249 1281 1289 et
1303 1241 1585 1291 Drusillam

521 1328 737 1363 uxorem
775 1315 889 1377 ejus
909 1315 1163 1365 nominat.
1197 1315 1386 1365 Schott.
1454 1316 1588 1367 Quae

521 1390 754 1440 Drusilla
778 1390 992 1441 Antonii
1010 1399 1065 1440 et
1088 1392 1386 1454 Cleopatrae
1410 1394 1587 1455 neptis

522 1476 639 1515 erat
664 1474 801 1517 teste
823 1467 1010 1517 Tacito
1035 1466 1177 1517 Hist.
1201 1467 1290 1518 lib.
1312 1480 1364 1517 v.
1397 1482 1516 1532 cap.
1538 1473 1588 1517 9.

520 1542 697 1592 Amtz.

582 1621 775 1670 Judoeoe
793 1621 1035 1685 projecit]
1071 1623 1238 1674 Quam
1264 1636 1379 1671 cum
1403 1623 1586 1672 Venti·

519 1694 610 1744 dio
634 1696 884 1755 Cumano,
913 1697 1032 1761 (qui
1055 1697 1324 1747 Galiloeam
1347 1698 1588 1760 curabat,

521 1780 584 1820 ut
616 1772 929 1822 Samaritani
955 1774 1117 1822 Felici
1153 1771 1437 1837 parebant)
1469 1782 1588 1825 orta

517 1847 660 1897 inter
674 1862 764 1897 eos
784 1848 1143 1909 contentione,
1159 1848 1391 1899 turbavit
1409 1866 1423 1896 ε
1443 1849 1588 1898 darn·

518 1932 781 1989 natusque
820 1940 915 1989 pro
954 1924 1222 1988 utriusque
1252 1922 1453 1986 flagitio
1482 1925 1587 1975 Cu-

518 2014 721 2056 manus,
755 2015 914 2064 opera
935 1998 1193 2053 Quadrati
1215 2001 1380 2064 Syria
1418 2009 1588 2050 recto·

519 2076 609 2132 ris,
644 2077 731 2139 qui
754 2076 876 2126 belli
910 2077 1391 2142 incendium,quod
1435 2092 1585 2141 paene

519 2160 787 2216 eruperat,
809 2154 1074 2217 restinxit,
1100 2154 1431 2218 quietemque
1465 2168 1585 2218 pro·

518 2232 704 2280 vincias
751 2230 1014 2281 reddidit:
1056 2232 1176 2280 vide
1207 2232 1494 2295 Josephum
1528 2241 1586 2283 et

517 2306 686 2354 Tacit.
727 2304 865 2355 Anu.
913 2319 1023 2355 ιιι.
1061 2315 1195 2358 extr.
1250 2308 1585 2358 Tumultuata

518 2395 724 2446 quoque
745 2381 780 2433 J
787 2382 938 2431 udaea
960 2383 1054 2433 sub
1078 2384 1315 2448 Caligula
1332 2389 1442 2433 est:
1466 2398 1586 2435 auc·

516 2459 749 2507 toi-’Dio
794 2458 883 2508 lib.
920 2472 1006 2508 ix.
1040 2460 1251 2511 Tacitus
1289 2459 1490 2512 Histor.
1530 2475 1586 2510 v.
1610 2494 1622 2517 .

519 2530 709 2584 Schntt.
1222 2570 1227 2575 -

582 2608 805 2660 Possidio
827 2612 1063 2676 mancho]
1088 2611 1335 2662 Posidem
1359 2614 1376 2643 ‘
1397 2613 1589 2675 spado·

516 2701 638 2737 nem
658 2687 673 2710 '
705 2696 862 2737 vocat
882 2689 1112 2753 Tranqn.
1148 2703 1267 2752 cap.
1289 2693 1373 2738 28.
1408 2696 1463 2740 et
1489 2691 1590 2742 Ju-

518 2765 689 2813 venal.
712 2765 888 2827 Satyr.
910 2778 1037 2815 τιν.
1073 2764 1089 2790 ‘
1112 2765 1188 2814 Ut
1220 2764 1384 2828 spado
1409 2766 1584 2814 vince·

514 2838 609 2889 bat
652 2840 914 2905 Capitolia
950 2848 1128 2890 nostra
1162 2840 1420 2893 Posides?
1487 2843 1587 2895 Ve-

517 2930 703 2979 ruma
744 2916 958 2967 Posidio
1010 2918 1027 2946 ⁴
1047 2916 1347 2966 Posidianae
1373 2916 1391 2941 ’
1435 2933 1587 2983 aquae

516 2991 673 3041 dictae
727 2993 778 3041 in
825 2993 941 3043 sinu
984 2994 1183 3057 Bajauo
1226 3002 1367 3050 sunt,
1411 2993 1587 3044 Plinio

518 3077 658 3116 xxx.
702 3069 800 3117 2.·‘
826 3067 1023 3118 Arma’
1070 3078 1245 3120 autem
1293 3076 1309 3100 ⁴
1330 3070 1550 3134 iusignia
1573 3069 1589 3091 '

514 3142 714 3192 hastam
739 3156 919 3208 puram
946 3145 1084 3196 idem
1111 3156 1264 3201 vocat
1285 3147 1588 3198 Suetonius.

515 3217 703 3270 δώσει.
769 3222 898 3271 Mox
929 3224 1065 3273 male
1087 3224 1237 3274 Leid.
1265 3228 1313 3274 1.
1348 3239 1588 3276 armorum

519 3294 753 3357 insignia.
818 3298 1009 3361 Neque
1034 3300 1191 3348 etiam
1220 3315 1337 3349 cum
1364 3301 1587 3352 Schotto

517 3371 679 3421 solam
699 3371 888 3422 bustum
899 3388 1070 3436 purum
1086 3368 1171 3424 hic
1189 3377 1329 3425 innui
1347 3378 1587 3429 credide·-

515 3445 633 3501 rim‚
655 3461 833 3496 verum
855 3457 910 3497 et
933 3449 1035 3509 alia
1055 3465 1216 3499 arma.
1281 3452 1455 3500 Livius
1494 3466 1589 3504 xl..

518 3525 570 3570 6.
602 3521 995 3574 ‘Praeferuntur
1028 3526 1197 3589 primo
1226 3528 1416 3589 agmini
1440 3543 1588 3580 arma

515 3597 741 3659 insignia
782 3600 1006 3649 omnium
1057 3600 1123 3650 ab
1165 3600 1347 3651 ultima
1386 3604 1583 3665 origine

517 3671 845 3737 Macedoniaeg
870 3675 1085 3739 regum?
1118 3690 1260 3730 xur.
1283 3681 1365 3739 61.
1401 3679 1586 3728 ‘Dona

518 3761 584 3797 ex
607 3748 685 3797 his
709 3749 822 3798 aliis
846 3764 990 3800 arma
1010 3752 1251 3817 insignia,
1269 3754 1387 3804 aliia
1408 3748 1587 3820 equos',

517 3824 821 3888 quibusdam
836 3829 1072 3891 captivos
1089 3829 1224 3879 dono
1237 3830 1435 3880 dabat.'
1457 3845 1588 3884 XLV.

517 3904 601 3950 35.
634 3902 868 3964 ‘Ornata
890 3905 1251 3957 Macedonicis
1279 3909 1459 3970 spoliis
1482 3923 1586 3959 non

515 3978 793 4040 insignium
831 3988 1031 4031 tantum
1062 3983 1353 4035 armorum.'
1403 3986 1586 4049 Virgil.

514 4052 636 4102 AEn.
657 4068 724 4104 11.
749 4058 863 4105 889.
895 4058 910 4084 ‘
930 4058 1197 4108 Mutemus
1222 4059 1453 4123 clypeos,
1478 4064 1586 4112 Da·

515 4143 775 4195 naumque
792 4132 1014 4196 insignia
1024 4135 1171 4184 nobis
1189 4133 1469 4198 Aptemnsz
1494 4139 1586 4188 do-

514 4206 598 4256 lus
631 4221 696 4256 au
730 4208 895 4257 virtus
929 4210 1044 4274 quis
1069 4211 1120 4260 in
1144 4212 1292 4262 hoste
1317 4216 1586 4279 requirat?

519 4282 679 4334 Arma
720 4285 918 4337 dabunt
956 4272 1112 4352 ip'siz’
1143 4289 1357 4340 Servius
1400 4290 1474 4342 ibi
1504 4293 1585 4342 'in-

1228 406 1446 457 No'rAE
1494 406 1905 456 vammum
1956 407 2037 456 m

1666 551 1832 614 signia
1874 564 1972 614 per
2024 551 2204 599 ‘arma
2243 549 2454 599 omnia’
2495 551 2710 614 exponit.

1666 627 1883 677 Curtius
1915 640 1994 679 ιν.
2030 630 2112 677 18.
2135 628 2163 690 §
2189 631 2238 676 1.
2273 627 2290 656 ‘
2310 627 2484 676 Armis
2516 628 2709 690 insigui-

1667 701 1764 763 bus
1802 702 1924 767 equi
1951 702 2149 768 virique
2182 701 2567 766 splendebant.’
2597 705 2711 753 Ara·

1665 782 1865 830 turtius.

1719 856 2003 922 Polybium]
2021 855 2067 905 A
2088 855 2294 906 studiis.
2325 856 2582 921 Polybium
2595 856 2715 906 Mss.

1667 939 1725 981 et
1759 930 2078 981 Veronensis
2121 929 2408 994 preferant
2464 930 2717 993 geminata

1662 1008 1795 1069 iota3
1829 1022 1945 1058 cum
1982 1024 2016 1071 y
2051 1008 2103 1056 in
2132 1007 2365 1056 secunda
2382 1007 2584 1069 syllaba
2603 1006 2721 1057 Dio·

1666 1084 1747 1135 Ad
1773 1086 1934 1134 bunc
1976 1090 2150 1133 exstat
2200 1084 2458 1145 hodieque
2512 1084 2717 1135 senece

1665 1162 1955 1211 consolatio
1989 1162 2043 1210 in
2068 1167 2237 1210 morte
2260 1158 2459 1213 fratris.
2526 1159 2722 1211 Habuit

1665 1243 1720 1286 et
1748 1237 2013 1300 Augustus
2053 1238 2299 1285 libertum
2326 1237 2718 1299 cognominem:

1663 1314 1898 1364 meminit
1937 1314 2153 1371 Sueten.
2195 1311 2425 1362 Octavio
2461 1326 2579 1375 cap.
2613 1315 2725 1361 1⁰1.

1660 1388 1846 1441 Schott.

1729 1469 1824 1531 §9
1867 1467 2156 1517 Narcissus.-
2203 1466 2394 1528 Pallas]
2427 1466 2535 1515 Hic
2576 1481 2608 1515 a
2646 1479 2726 1515 ra·

1665 1543 1929 1603 tionibus3
1964 1545 2049 1591 ille
2087 1543 2152 1592 ab
2187 1542 2456 1603 epistolis:
2493 1543 2577 1591 hio
2606 1556 2726 1598 cum

1663 1618 1971 1682 Agrippina,
2001 1627 2247 1680 tanquam
2278 1619 2579 1680 nuptiarum
2610 1632 2726 1668 cum

1665 1705 1853 1758 patruo
1878 1697 2213 1756 conciliator;
2247 1696 2335 1745 ille
2368 1710 2485 1744 cnm
2509 1696 2727 1747 Memi-

1665 1774 1789 1838 lina,
1834 1789 1989 1839 quam
2044 1774 2253 1828 tandem
2309 1772 2728 1822 interficiendam

1662 1851 1884 1907 curavit,
1914 1857 2273 1900 consueverat.
2338 1849 2511 1898 Tacit.
2534 1848 2728 1899 Annal.

1661 1927 1785 1978 libb.
1826 1940 1908 1976 xi.
1943 1940 2045 1977 ιιι.
2078 1934 2135 1975 et
2170 1939 2291 1975 xiv.
2322 1934 2377 1973 et
2405 1925 2595 1976 Juven.
2613 1926 2729 1975 Sat.

1641 2018 1808 2071 sxtv..
1843 2004 1986 2054 Huic
2023 2004 2299 2067 proetoria3
2334 2002 2407 2051 illi
2448 2002 2733 2067 questoria

1663 2081 1907 2145 insignia,
1929 2095 1971 2131 a.
1997 2096 2044 2131 c.
2067 2081 2281 2130 decerni
2305 2095 2508 2141 passus.
2557 2079 2731 2129 Tacit.

1661 2157 1798 2206 Anu.
1819 2159 1912 2206 lib.
1932 2170 2015 2206 xi.
2036 2167 2176 2206 extr.
2213 2163 2271 2205 et
2292 2156 2520 2220 Tranqu.
2556 2169 2602 2204 c.
2639 2159 2730 2204 28.

1665 2234 1751 2282 De
1792 2235 1869 2283 bis
1900 2233 2219 2283 ornamentis
2256 2232 2378 2292 erit,
2404 2245 2524 2280 cum
2548 2231 2731 2280 dicere

1659 2310 1843 2360 licebit
1865 2309 2094 2370 copiose.
2149 2311 2237 2358 De
2259 2308 2500 2356 Pallante
2522 2308 2657 2371 lege,
2679 2309 2731 2356 si

1658 2394 1832 2441 vacat,
1855 2385 2015 2434 Plinii
2039 2384 2209 2446 Epist.
2224 2397 2327 2433 vn.
2347 2387 2431 2432 29.
2454 2388 2512 2432 et
2526 2392 2727 2433 sextam

1659 2475 1745 2525 ep.
1766 2462 1884 2511 libri
1907 2475 2036 2511 viu.
2073 2460 2260 2510 Schott.
2314 2460 2384 2510 Et
2405 2460 2729 2510 scholiastes

1658 2537 1922 2589 Juvenalis
1967 2539 2079 2586 Sat.
2125 2552 2162 2586 ι.
2218 2540 2333 2587 109.
2400 2538 2482 2585 De
2524 2535 2732 2585 libertis

1659 2614 1881 2665 dominis
1910 2615 2075 2677 ipsius
2103 2613 2299 2663 domini
2326 2612 2514 2661 similia
2539 2611 2733 2663 scribit

1657 2692 1891 2740 -Velleius
1924 2692 1993 2739 de
2027 2691 2285 2754 Pompeio
2318 2690 2502 2751 Magni
2527 2689 2634 2738 tilio
2655 2703 2730 2739 ιι.

1660 2770 1789 2831 ⁷8.§
1813 2771 1861 2817 1.
1884 2770 1900 2796 ‘
1919 2768 2470 2816 Libertornm¹suorum
2490 2765 2731 2822 libertus.

1661 2857 2036 2908 servorumque
2057 2841 2274 2892 servus-⁹
2329 2843 2528 2894 Plinius
2547 2842 2598 2891 iu
2621 2843 2730 2892 Pa·

1662 2933 1781 2981 neg.
1812 2933 1861 2968 c.
1892 2919 2288 2982 ⁷8..‘Pleriqne
2318 2918 2584 2981 principes
2606 2932 2729 2968 cum

1660 3003 1841 3045 essent
1894 2995 2084 3044 civium
2138 2994 2353 3050 domini,
2418 2994 2730 3049 libertorum

1662 3076 1814 3119 erant
1864 3069 2038 3118 servi!
2113 3069 2268 3119 Unde
2320 3069 2726 3132 Heliogabalum

1628 3142 1633 3147 ’
1662 3148 1677 3175 ‘
1704 3147 2019 3209 mancipium
2058 3147 2408 3197 eunuchorum
2431 3144 2447 3166 '
2492 3145 2731 3209 appellat

1663 3223 1990 3287 Lampridius
2025 3225 2189 3274 Alex.
2229 3224 2426 3273 Severo
2477 3237 2597 3287 cap.
2638 3224 2727 3272 28.

1660 3302 1835 3351 Amtz.

1727 3376 2046 3441 Sublimem]
2091 3375 2198 3426 Pro
2236 3374 2254 3402 ‘
2276 3373 2528 3429 ornatus’
2568 3374 2725 3424 dixit.

1661 3452 1798 3502 Vide
1822 3454 1970 3503 Sext.
1997 3453 2299 3516 Pompeium
2327 3451 2394 3501 de
2430 3450 2725 3501 Verborum

1659 3527 1841 3591 Signis.
1858 3530 1874 3556 ‘
1893 3530 2074 3578 Limen
2098 3527 2115 3550 '
2136 3529 2291 3577 etiam
2317 3528 2589 3592 ‘superum
2605 3527 2619 3549 ’
2640 3526 2723 3576 di-

1661 3604 1800 3654 citur
1833 3605 2026 3655 Plauto
2047 3605 2421 3665 Bacchidibus,
2443 3606 2562 3654 Sce-
2581 3603 2723 3654 Atri-

1655 3680 1764 3742 βω,
1786 3689 1842 3732 et
1864 3683 2193 3732 Mercatore:
2226 3682 2244 3710 ‘
2272 3678 2722 3745 Limen‘superum

1659 3757 1989 3823 inferumque
2011 3760 2172 3815 salve.
2191 3759 2339 3807 simul
2372 3768 2549 3806 autem
2571 3756 2723 3806 vale?

1662 3836 1880 3885 Factum
1896 3836 1947 3883 id
1966 3842 2141 3884 autem
2158 3833 2223 3884 A.
2240 3840 2359 3895 post
2380 3835 2446 3883 U.
2462 3833 2525 3883 C.
2542 3845 2720 3883 toocv.

1659 3912 1836 3962 Tacit.
1858 3911 2006 3962 Ann-
2019 3912 2057 3961 1.
2072 3925 2174 3961 xit.
2206 3909 2397 3959 δώσει.
2430 3909 2723 3975 Appuleius

1659 3987 1728 4038 de
1760 3989 1879 4037 Deo
1909 3987 2054 4037 Socr.
2079 4002 2129 4050 p.
2150 3991 2231 4036 61.
2266 3987 2282 4014 ‘
2306 3986 2538 4035 Humilia
2559 3984 2720 4043 subli-

1658 4063 1843 4114 mare.'
1889 4066 2019 4113 Met.
2054 4076 2143 4115 ιιι.
2186 4077 2239 4126 p.
2277 4065 2389 4110 158.
2420 4069 2434 4090 ⁸
2463 4061 2527 4110 In
2555 4061 2719 4108 altum

1661 4141 1936 4190 sublimata
1954 4138 1987 4187 ε’
2005 4146 2059 4189 et
2072 4140 2150 4189 sic
2164 4138 2357 4200 saepius
2377 4136 2479 4186 ille.
2516 4134 2719 4198 Augus-

1661 4218 1801 4266 tinus
1831 4216 1900 4266 de
1931 4217 2089 4266 Civit.
2125 4214 2229 4265 Dei
2262 4227 2407 4263 xxn.
2440 4216 2491 4263 4.
2523 4211 2718 4262 Savaro

1660 4295 1724 4345 ad
1741 4294 1850 4344 Sid.
1879 4293 2232 4356 Apollinarem
2258 4303 2343 4340 ιιι.
2370 4295 2414 4341 l.
2445 4288 2621 4340 Amtz.
