3025 4934
524 384 658 454 570

527 541 678 605 ghins
722 540 913 592 Annal.
948 547 1074 592 tom.
1107 556 1148 592 1.
1190 557 1243 606 p.
1275 547 1390 595 84⁸.
1477 543 1586 595 sed

526 618 762 685 quamvis
816 618 1093 668 admodum
1147 618 1359 671 difficile
1411 620 1479 671 sit
1533 621 1587 671 in

525 693 673 744 bisce
713 694 871 744 rebus
914 696 1047 745 certi
1092 696 1289 758 aliquid
1330 704 1586 763 statuere,

525 783 630 819 non
654 768 839 819 dubito
869 777 1040 821 tamen
1075 772 1197 836 quin
1223 787 1350 822 vera
1377 773 1446 822 sit
1477 787 1586 823 om·

523 846 666 896 nium
708 844 947 896 codicum
996 848 1253 911 scriptura
1308 849 1586 902 Nucerinis.

524 921 686 971 Patet
721 922 820 972 hoc
856 938 922 972 ex
962 924 1071 989 ipsa
1106 924 1336 975 historia
1358 927 1586 977 veritate

523 1007 580 1050 et
604 1000 707 1050 situ
729 1001 979 1050 locorum.
1043 1003 1305 1052 Evenerat
1326 1004 1462 1054 enim
1484 1005 1585 1055 Fa·

525 1073 614 1123 bio
656 1076 922 1139 provincia
974 1076 1257 1127 Samnium.
1341 1080 1395 1129 Is
1439 1087 1587 1130 ante-

524 1163 678 1215 quam
711 1166 826 1201 cum
857 1153 959 1202 illis
993 1154 1184 1204 bellum
1212 1161 1419 1219 gereret
1442 1157 1586 1221 prins

502 1227 810 1277 exercitum
833 1228 988 1278 duxit
1017 1229 1070 1278 in
1101 1246 1255 1293 agros
1278 1232 1585 1291 Nucerinos,

523 1311 584 1352 nt
619 1311 701 1354 est
738 1305 875 1368 apud
918 1306 1030 1356 Liv.
1052 1320 1140 1357 rx.
1161 1312 1245 1358 41.
1280 1309 1588 1360 ubidicitur

523 1378 716 1428 Fabius
744 1378 809 1428 ad
848 1380 1124 1432 Nuceriam
1155 1383 1438 1446 profectus,
1465 1400 1587 1436 mox

523 1468 643 1504 cum
665 1455 980 1507 Samnitibus
1000 1457 1210 1524 (quibus
1229 1461 1588 1525 sejunxerant

523 1528 717 1594 Apuli:
757 1532 908 1597 Pigb.
947 1533 1087 1584 Anu.
1125 1542 1251 1585 tom.
1285 1550 1323 1586 ι.
1362 1552 1414 1602 p.
1445 1538 1587 1604 847.)

522 1606 814 1660 dimicasse.
901 1610 1020 1662 Hoc
1067 1612 1119 1662 in
1175 1612 1308 1664 urbe
1352 1616 1589 1667 Nuceria

525 1698 700 1734 verum
737 1699 852 1735 esse
885 1694 1078 1749 potest,
1109 1704 1225 1753 qna
1248 1705 1279 1740 a
1302 1699 1452 1755 parte
1484 1694 1586 1742 ori·

522 1763 687 1811 entali
732 1764 1025 1829 propinqua
1077 1772 1160 1817 est
1204 1768 1434 1832 Samnio,
1481 1773 1585 1821 non

519 1853 648 1902 vero
691 1840 929 1903 procedit
972 1842 1024 1891 in
1068 1843 1308 1907 Luceria,
1357 1860 1472 1911 quae
1517 1847 1586 1896 ad

523 1921 725 1978 partem
748 1919 1205 1980 septentrionalem
1230 1920 1400 1971 Italioe
1415 1923 1588 1989 jacet‘,

523 1994 598 2043 ita
622 2000 682 2042 nt
699 1992 963 2044 Samnium
979 1994 1291 2047 intermedia
1313 1998 1403 2055 sit.
1423 2013 1586 2064 quare

518 2066 590 2116 ad
613 2067 884 2118 Luceriam
914 2085 1017 2119 non
1046 2079 1258 2136 poterat
1281 2073 1473 2125 ducere
1496 2091 1587 2126 ex-

522 2145 765 2207 ercitum,
801 2146 899 2195 nisi
931 2147 1192 2197 Samnites
1230 2150 1374 2213 prius
1411 2149 1589 2201 debel-

523 2220 699 2271 lasset.
768 2222 910 2273 Huic
950 2223 1139 2273 rationi
1181 2223 1388 2275 accedit
1428 2228 1587 2277 etiam

521 2298 638 2354 hoc.
669 2298 805 2362 qnod
838 2298 1015 2349 Livius
1042 2300 1143 2350 loc.
1177 2301 1319 2350 land.
1345 2303 1480 2353 hanc
1502 2318 1587 2353 nr·

522 2373 641 2423 bem
677 2376 911 2438 appellet
944 2376 960 2403 ‘
987 2376 1269 2428 Nuceriam
1306 2378 1587 2443 Alpbater-

522 2450 683 2501 uam?
743 2452 865 2504 Jam
901 2454 1042 2503 nulla
1081 2469 1308 2519 unquam
1344 2455 1444 2507 fuit
1482 2459 1585 2508 Ln-

520 2528 665 2578 eeria
677 2528 1016 2593 Alpbaterna,
1032 2530 1123 2580 sed
1140 2531 1344 2595 quidem
1359 2534 1588 2584 Nuceria

521 2606 589 2654 ad
610 2605 997 2655 distinctionem
1013 2607 1227 2657 alterius
1248 2607 1504 2673 Nuces-im,
1526 2618 1588 2660 nt

521 2681 846 2731 indicaretur
883 2683 1062 2731 urbem
1086 2683 1246 2733 ‘illam
1282 2700 1398 2735 esse
1433 2686 1586 2736 Cam·

522 2757 712 2818 panim.
759 2757 969 2807 Servius
1003 2758 1068 2807 ad
1110 2759 1298 2825 virgil.
1328 2761 1446 2811 AEn.
1483 2777 1586 2817 vn.

519 2837 638 2884 738.
668 2838 685 2863 ⁸
703 2834 893 2897 Populi
916 2836 1213 2900 Campaniae
1232 2847 1350 2889 sunt
1370 2855 1401 2889 a
1419 2840 1586 2891 Sarno

520 2909 680 2961 fluvio
703 2941 719 2958 .
743 2945 757 2960 .
781 2943 798 2959 .
820 2910 894 2960 Hi
918 2912 1058 2964 inter
1077 2914 1235 2963 multa
1256 2915 1452 2980 oppida
1475 2918 1586 2967 Nu·

520 2988 715 3038 ceriam
740 2988 1121 3040 condiderunt?
1155 2990 1266 3040 Liv.
1290 2996 1467 3043 1138.
1485 2995 1502 3023 ‘
1521 2993 1586 3043 In

521 3063 853 3128 Campaniam
879 3072 1017 3122 acta,
1044 3079 1161 3116 cum
1185 3068 1405 3132 appulsa
1428 3068 1587 3118 Pom·

521 3141 666 3202 peios
687 3148 846 3197 esset,
871 3141 999 3190 socii
1023 3141 1146 3191 inde
1167 3145 1381 3194 navales
1403 3144 1471 3194 ad
1494 3145 1586 3196 de-

520 3215 865 3278 populandum
901 3231 1079 3280 agrum
1117 3219 1432 3270 Nucerinum
1467 3236 1587 3283 pro-

519 3289 686 3341 fecti?
751 3291 890 3342 Hinc
911 3292 928 3319 ‘
952 3294 1257 3357 Pompeios’
1291 3303 1346 3346 et
1368 3303 1385 3326 ‘
1400 3296 1585 3346 'Nuce‘

520 3366 650 3415 riam
664 3366 680 3390 ’
699 3368 971 3431 conjungit
989 3368 1177 3419 Cicero
1201 3369 1354 3421 Orat.
1377 3371 1428 3419 in
1453 3370 1585 3420 Rul-

521 3443 629 3492 lum
653 3457 719 3493 ιι.
743 3448 825 3493 al.
848 3452 905 3494 et
925 3449 1006 3495 35.
1071 3445 1225 3496 Adde
1249 3448 1430 3497 Silium
1458 3462 1583 3501 vm.

521 3523 639 3569 584.
662 3529 736 3578 et,
772 3534 923 3587 quem
958 3522 1030 3572 ibi
1065 3522 1285 3574 adnotat
1308 3526 1583 3577 Drakenb.

521 3595 662 3646 inter
688 3599 1012 3662 geographos
1047 3599 1337 3662 principem
1374 3603 1586 3653 Cluver.

523 3672 648 3725 Ital.
672 3675 798 3726 Aut.
823 3688 900 3725 lv.
923 3681 973 3725 6.
1006 3676 1263 3726 Har-duin.
1299 3678 1348 3727 in
1375 3679 1585 3730 Nummi

522 3749 713 3814 Popul.
737 3765 790 3814 p.
807 3754 924 3799 863.
947 3752 1140 3801 Cellar.
1158 3752 1354 3817 Geogr.
1373 3755 1500 3807 Ant.
1521 3772 1584 3809 ιι.

520 3829 570 3875 9.
639 3825 739 3875 Has
765 3840 916 3874 voces
939 3827 1015 3874 ita
1036 3826 1437 3896 confunduntur,
1460 3834 1585 3897 quia

520 3910 579 3953 et
619 3901 838 3952 Luceria
881 3909 936 3950 et
977 3902 1204 3952 Nuceria
1247 3912 1386 3957 notae
1432 3917 1585 3959 erant

521 3979 679 4027 urbes
699 3979 753 4026 in
776 3977 959 4028 Italia:
994 3978 1112 4029 vide
1125 3981 1339 4032 Salmas.
1360 3983 1425 4032 ad
1445 3986 1584 4035 Flor.

520 4066 587 4102 ιι.
609 4054 690 4101 18.
713 4053 742 4116 §
765 4054 845 4102 11.
875 4058 931 4102 et
954 4053 1366 4120 Oudendorp.ad
1390 4059 1584 4110 Lucan.

520 4141 586 4178 ιι.
607 4132 722 4178 473.
746 4128 810 4177 ad
829 4131 978 4194 cujus
1001 4130 1099 4181 loci
1117 4146 1291 4183 veram
1309 4135 1582 4186 lectionem

520 4203 742 4254 fortasse
786 4204 918 4256 facit
962 4207 1142 4258 Celsus
1185 4208 1239 4259 in
1285 4210 1412 4262 Vita
1448 4212 1584 4264 Caes.

526 4296 580 4346 p.
604 4283 716 4334 186.
749 4280 922 4334 Arata.

1218 401 1440 452 NoTAE
1486 398 1897 452 vsmolwu
1945 400 2028 451 IN

1725 543 1936 609 umis]
1969 542 2132 595 Marsi
2156 544 2331 610 populi
2354 542 2675 608 Campania,
2698 559 2729 595 a

1661 621 1842 672 Marso
1883 623 2062 673 Circes
2107 630 2162 673 et
2207 621 2408 687 Ulyssis
2460 621 2588 678 filio.
2640 624 2727 687 qui

1662 698 1823 749 etiam
1860 705 2140 751 excantare
2175 712 2378 750 venena
2399 696 2726 749 dicebantur.

1661 775 1832 824 Mach-

1729 851 2087 916 meapham]
2148 851 2313 916 [Vide
2345 851 2474 902 Not.
2508 848 2727 915 DelpliJ

1661 930 1786 981 Non
1830 938 2079 982 accurate
2109 931 2312 981 ·Fastos
2364 929 2725 994 Triumphales

1659 1006 1892 1072 inspexit
1934 1008 2078 1057 doct.
2119 1004 2335 1062 femina,
2386 1008 2439 1054 in
2483 1006 2547 1055 iis
2589 1006 2725 1055 enim

1658 1081 1804 1132 Fabii
1838 1088 1947 1132 tres
1986 1083 2229 1147 triumphi
2254 1082 2622 1144 celebrantur3
2656 1081 2725 1133 As

1660 1156 1811 1213 1520.
1834 1169 2133 1210 ccccxxxi.
2156 1171 2408 1210 ccccxn.
2437 1164 2494 1208 et
2517 1157 2725 1208 tandem

1659 1247 1958 1285 coccum.
1992 1236 2170 1286 Aram.

1722 1311 1750 1373 §
1778 1315 1810 1360 2
1849 1310 2052 1374 Censor]
2085 1311 2299 1373 Collega
2334 1309 2399 1359 Ρ.
2434 1309 2624 1371 Decio,
2660 1309 2726 1359 P.

1659 1385 1818 1435 Decii
1854 1385 1964 1436 filio
1996 1400 2130 1436 anno
2153 1398 2385 1436 cnxnx.
2414 1393 2519 1451 quo
2543 1385 2595 1435 in
2619 1400 2727 1435 ma-

1662 1459 1886 1525 gistratu
1941 1462 2008 1512 ob
2063 1461 2295 1513 feliciter
2358 1475 2467 1511 rem
2523 1469 2724 1526 gestam

1659 1536 1878 1587 Maximi
1910 1552 2196 1601 cognomen
2233 1537 2450 1588 sortitus
2486 1546 2587 1594 est,
2620 1552 2726 1587 non

1658 1611 1726 1662 ob
1782 1628 1866 1663 res
1931 1614 2133 1665 militias
2169 1622 2428 1679 ·gestas.·
2481 1615 2748 1664 Lustrum.

1660 1688 1817 1738 etiam
1843 1689 1940 1739 boc
1963 1696 2200 1754 tempore
2218 1690 2486 1740 conditum
2510 1702 2727 1740 xxvm.
2738 1712 2742 1716 ·

1659 1765 1847 1817 Schott.

1727 1843 1898 1906 Triba]
1951 1844 2073 1893 Non
2113 1841 2391 1906 perspicio,
2434 1856 2540 1905 quo
2573 1840 2727 1892 modo

1659 1929 1727 1966 ex
1765 1918 1914 1967 Livio
1957 1918 2046 1967 lib.
2076 1931 2156 1967 rx.
2191 1932 2306 1981 cap.
2332 1918 2429 1966 ult.
2458 1917 2544 1966 bic
2583 1917 2742 1970 mali.

1657 1998 1830 2043 matu
1870 1994 2047 2043 amovit
2089 1994 2266 2057 legere
2305 1993 2585 2055 Scbottus3
2638 1992 2725 2043 ille

1660 2069 1796 2118 enim
1817 2083 1933 2118 cnm
1958 2070 2153 2119 Nostro
2165 2066 2308 2117 facit.
2353 2066 2560 2132 Appius
2584 2080 2727 2118 nam·

1659 2159 1764 2210 que
1796 2143 2054 2196 forensem
2087 2143 2292 2195 turbam
2329 2158 2425 2207 per
2459 2144 2628 2193 tribus
2650 2142 2726 2192 di·

1662 2220 1877 2285 viserat,
1913 2222 1965 2270 in
2004 2222 2339 2286 cnjus-manu
2360 2219 2728 2285 (abundabant

1660 2298 1800 2347 enim
1848 2298 2229 2360 multitudine,)
2281 2298 2491 2348 comitia
2533 2305 2725 2362 esseut,

1658 2374 1750 2422 sed
1775 2389 1863 2424 eos
1888 2376 2077 2423 iterum
2115 2374 2132 2401 ‘
2159 2374 2275 2424 aliis
2311 2371 2724 2424 tribubus-*amo-

1660 2449 1769 2500 tos’
1812 2452 1865 2501 in
1908 2460 2133 2517 quatuor
2175 2452 2399 2501 urbanas
2440 2451 2728 2514 descripsit

1661 2526 1871 2581 Fabius.
1948 2528 2132 2578 Malim
2180 2526 2346 2591 igitur
2399 2540 2515 2575 cnm
2572 2526 2729 2576 Fran.

1660 2603 1833 2667 legere
1894 2603 2140 2654 tribubus.
2215 2601 2565 2654 confirmatur
2626 2601 2726 2651 boc

1660 2680 1869 2731 Sebotti
1915 2681 2070 2731 codd.
2114 2689 2171 2732 et
2217 2679 2479 2730 veteribus
2523 2679 2728 2778 aliquot

1659 2756 1784 2807 edd.
1814 2755 1994 2806 Arata.

1726 2834 1809 2882 Ex
1841 2848 1931 2883 asu
1975 2833 2268 2898 reipublice]
2304 2833 2481 2897 Populi
2520 2832 2728 2883 Βοηιοιιιί

1659 2907 1947 2959 Mediolan.
1991 2911 2368 2972 impresserat:
2417 2909 2536 2960 hinc
2584 2907 2726 2959 forte

1658 2985 1796 3051 quod
1824 2986 1888 3035 P.
1910 2985 1976 3034 R.
1994 2986 2214 3049 populata
2234 2985 2495 3034 Βοηιωιιιιιι
2516 2983 2689 3049 signet
2705 3000 2722 3034 ε

1656 3074 1784 3124 quas
1819 3062 2023 3111 litteras
2059 3062 2102 3110 si
2137 3061 2367 3110 invertas
2407 3060 2473 3109 R.
2494 3060 2563 3111 Ρ.
2599 3075 2725 3109 rens·

1653 3137 1892 3201 publicam
1912 3144 2128 3187 notant:
2175 3137 2256 3186 sin
2273 3137 2561 3200 conjungas
2583 3135 2726 3188 P.R.

1652 3218 1903 3277 pretorem
1938 3216 1993 3261 in
2030 3212 2254 3278 antiquis
2288 3212 2485 3262 schidis
2527 3211 2726 3276 signifi·

1657 3295 1798 3337 cant.
1860 3289 2111 3352 -Erqna
2155 3287 2364 3352 quidem
2408 3282 2727 3349 ignorantia,

1655 3378 1742 3412 seu
1762 3361 2041 3414 oscitantia
2059 3376 2260 3413 errores
2282 3360 2467 3412 infiniti
2487 3362 2540 3410 in
2561 3362 2723 3413 libros

1655 3440 1934 3502 irrepsere.
2012 3437 2288 3489 Plutarch.
2325 3437 2395 3486 .in
2441 3437 2724 3488 Coriolano

1657 3511 1817 3565 refert
1859 3515 2117 3565 Manlium
2164 3513 2510 3564 Censorinum
2552 3513 2722 3577 legem

1656 3594 1858 3653 tulisse,
1890 3606 1957 3642 ne
1991 3591 2077 3641 cui
2119 3589 2200 3640 bis
2225 3603 2502 3640 censuram
2537 3603 2723 3655 gerere

1655 3669 1874 3730 liceret3
1908 3675 1964 3717 et
1988 3668 2044 3718 in
2068 3667 2270 3718 Catone
2294 3667 2431 3716 inter
2453 3667 2565 3730 ejus
2587 3668 2724 3717 scite

1657 3744 1818 3796 dicta.
1880 3742 2225 3798 Liviusjlibro
2260 3748 2447 3805 quarto
2489 3748 2547 3791 et
2585 3749 2723 3792 nono

1656 3821 1723 3870 de
1770 3822 1831 3872 C.
1876 3818 2080 3869 Marcio
2130 3819 2308 3869 Rutilo
2350 3819 2580 3869 censore
2642 3834 2725 3869 ae·-

1657 3899 1903 3953 cnndum,
1954 3895 2045 3959 qui
2104 3894 2352 3958 populum
2411 3894 2723 3959 increpavit,

1654 3976 1794 4041 qnod
1839 3975 1918 4025 bis
1955 3987 2223 4023 censorem
2257 3970 2531 4034 fecissent,
2568 3988 2723 4038 quam

1654 4051 1958 4112 dignitatem
1982 4048 2204 4111 majores
2222 4057 2564 4098 coartassent.
2602 4050 2722 4102 Val.

1654 4127 1801 4177 Max.
1836 4139 1913 4175 ιν.
1958 4128 2005 4174 1.
2033 4123 2204 4184 initio,
2240 4123 2494 4180 et-simile
2529 4123 2721 4173 ibidem

1652 4204 1719 4253 de
1757 4204 1854 4253 hoc
1889 4203 2003 4264 ipso
2036 4200 2105 4253 Q.
2127 4199 2292 4252 Fabio
2325 4200 2561 4252 Maximo
2596 4203 2721 4254 Rul-

1651 4283 1810 4336 liano.
1843 4278 2035 4331 Schoit.
