3025 4934
929 407 1332 464 ascensus
1391 411 1852 490 ammonui«,
1900 399 2018 463 &a
2395 397 2528 466 861

202 547 211 552 ’
309 558 751 641 septuagesimo
767 564 962 629 sexto,
988 576 1187 617 mense
1207 554 1378 615 Julii.
1461 553 1773 635 Impressit
1798 554 2095 616 Matthias
2123 554 2413 619 Moravus
2436 558 2530 621 vir

310 657 603 737 singulari
629 656 867 736 ingenio
891 663 954 715 et
979 665 1127 717 arte.
1207 652 1591 733 Recognovit
1614 652 1914 713 Juuianus
1942 654 2152 734 Majus
2186 655 2524 716 Partheno-

309 776 480 837 paeus
498 755 698 815 rhetor
717 752 989 835 publicus
1007 772 1238 812 summa
1260 772 1406 812 cura
1429 765 1776 831 summaque
1796 750 2149 831 diligentia.'
2211 752 2314 815 Cf.
2336 752 2525 815 Mait-

310 853 455 913 tarii
480 852 648 913 Ann.
677 850 941 932 Typogr.
965 848 1041 912 T.
1074 868 1125 912 1.
1151 869 1211 930 p.
1246 854 1391 910 361.

394 969 443 1009 s.
473 969 531 1009 a.
551 948 677 1009 etl.
707 947 893 1008 editio
921 946 1117 1008 Plinii
1165 946 1228 1005 in
1269 943 1598 1005 Germania
1639 943 1802 1004 facta
1841 943 2027 1004 habet
2049 945 2234 1005 etiam
2260 945 2532 1007 Victoris

307 1033 582 1106 libellum
607 1045 685 1105 de
705 1041 876 1107 Viris
902 1043 1266 1115 Illustribus,
1291 1051 1443 1103 teste
1462 1042 1542 1102 cl.
1570 1041 1844 1102 Ernestio
1869 1042 1931 1101 in
1961 1040 2128 1104 Bibl.
2151 1042 2525 1104 Fabricianae

311 1143 592 1203 auctioris
617 1142 693 1204 T.
737 1159 851 1204 111.
899 1163 960 1223 p.
991 1148 1134 1203 126.
1218 1140 1384 1201 Vide
1432 1138 1778 1201 Recensum
1818 1148 2078 1200 noarum
2129 1139 2269 1203 edd.
2316 1141 2524 1203 Pane-

272 1313 275 1314 7
307 1240 647 1320 gyricorum
672 1238 988 1312 Veterum,
1017 1259 1078 1320 p.
1103 1244 1285 1314 2480.

394 1343 554 1398 1501
598 1336 898 1408 Venetiis,
922 1343 983 1398 4.
1027 1335 1230 1414 (Sext.
1257 1335 1414 1396 Aur.
1444 1333 1740 1413 Victoris)
1770 1333 1951 1394 Liber
1974 1334 2051 1395 de
2078 1334 2245 1396 Viris
2266 1334 2523 1397 Illustri-

308 1435 445 1506 bus,
455 1454 594 1496 cum
615 1434 811 1495 Plinii
833 1434 996 1515 Epp.
1018 1432 1185 1495 Vide
1203 1431 1550 1495 Recensum
1566 1441 1829 1493 nostrum
1847 1433 1986 1494 edd.
2013 1433 2526 1515 Panegyricorum

312 1531 608 1591 Veterum
635 1553 698 1614 p.
725 1538 908 1592 2481.

394 1635 557 1689 1505
594 1630 969 1708 Argentiuae,
1014 1635 1078 1689 4.
1121 1626 1198 1691 C.
1246 1627 1437 1688 Plinii
1468 1627 1727 1707 junioris
1770 1627 1976 1704 (Sext.
2027 1626 2183 1688 Aur.
2227 1628 2530 1708 Victoris)

307 1725 459 1785 liber
486 1725 821 1787 Illustrium
862 1726 1145 1788 Virorum
1193 1748 1232 1788 a
1273 1726 1524 1787 condita
1566 1725 1761 1786 Urbe.
1844 1725 2221 1804 Argentinae‚
2259 1727 2321 1785 in
2366 1725 2523 1787 offic.

309 1819 513 1885 Henr.
534 1822 1125 1890 Quentel.-Editor
1147 1832 1240 1884 est
1263 1823 1401 1884 Jac.
1430 1822 1829 1894 Gottesheim‚
1856 1822 1962 1902 qui
1987 1823 2049 1882 in
2065 1822 2234 1903 praet'.
2258 1822 2431 1895 dicit,
2459 1844 2522 1883 se

309 1929 452 1980 ante
491 1921 722 2002 aliquot
745 1941 933 1983 annos
953 1922 1355 1983 enarrationes
1381 1919 1671 2002 quasdam
1709 1921 1772 1979 in
1815 1919 1975 1979 hunc
2019 1920 2290 1981 libellum
2335 1941 2526 1981 excu-

306 2016 486 2080 disse.

387 2148 475 2161 --
515 2115 914 2195 Argentorati,
934 2122 997 2176 8.
1040 2114 1213 2176 Sext.
1240 2115 1395 2175 Aur.
1444 2112 1715 2174 Victoris
1757 2113 2040 2194 Epitome
2079 2115 2204 2175 sive
2244 2114 2322 2174 de
2368 2115 2524 2176 Vita

305 2220 372 2271 et
419 2211 699 2273 Moribus
749 2213 1187 2295 Imperatorum
1240 2211 1429 2273 Rom.
1512 2212 1822 2293 Excerpta
1862 2231 1900 2271 a
1952 2210 2193 2272 Gaesare
2239 2212 2532 2292 Augusto

305 2327 495 2389 usque
526 2310 605 2369 ad
629 2310 1031 2371 Theodosium
1063 2309 1223 2390 Imp.
1307 2309 1641 2388 Argentor.
1667 2329 1767 2389 ap.
1797 2308 2025 2368 Matth.
2049 2307 2325 2370 Schurer.

390 2413 552 2467 1506
591 2406 1004 2487 Argentorati‚
1032 2413 1094 2467 4.
1141 2405 1314 2467 Sext.
1344 2405 1503 2467 Aur.
1526 2405 1742 2467 Victor
1782 2405 1862 2466 de
1904 2404 2074 2468 Viris
2113 2405 2341 2469 Illustr.
2383 2428 2529 2468 cum

307 2502 553 2565 Justino
571 2512 634 2565 et
658 2504 859 2565 Plora.

389 2608 552 2665 1507
595 2602 837 2683 Lipsiae,
872 2608 933 2662 4.
977 2600 1054 2663 C.
1084 2599 1357 2661 Suetonii
1397 2537 1738 2680 Tranquilli
1782 2598 1985 2678 (Sext.
2024 2598 2181 2661 Aur.
2223 2598 2520 2679 Victoris)

307 2697 492 2758 Liber
515 2698 590 2759 de
633 2698 815 2759 Viris
842 2697 1186 2790 Illustribus
1213 2697 1403 2757 Urbis
1433 2697 1678 2769 Romae,
1720 2717 1855 2757 cum
1897 2698 2058 2757 notis
2092 2697 2439 2758 Machanei.
2440 2732 2524 2745 -—

244 2812 249 2815 ’
306 2794 528 2877 HuJus
555 2797 882 2858 Machanei
908 2818 957 2859 s.
994 2795 1316 2857 Maccauei
1345 2794 1819 2855 commentarii
1801 2815 1860 2854 in
1890 2795 2050 2856 hunc
2076 2795 2348 2856 libellum
2385 2816 2522 2877 pro·

303 2894 541 2955 dietant
557 2895 806 2957 Taurini
827 2917 875 2956 a.
905 2916 965 2958 a.
989 2896 1048 2956 in
1074 2902 1134 2956 4.
1151 2916 1258 2976 per
1288 2894 1459 2972 Mag.
1492 2894 1712 2954 Frauc.
1741 2892 1818 2953 de
1841 2892 2033 2953 Silva.
2095 2893 2244 2956 Vid.
2269 2894 2526 2958 Saxium

302 2993 366 3051 in
395 2992 567 3054 Hist.
598 2993 783 3054 Liter.
812 2993 1201 3075 Typograph.
1231 2992 1487 3054 Mediol.
1516 3011 1656 3073 pag.
1695 3006 1998 3050 cccxxv.
2035 2991 2138 3050 ubi
2163 2991 2240 3052 de
2269 2991 2522 3052 Macca-

306 3110 423 3150 neo
449 3091 581 3172 ipso
606 3090 949 3152 videndum.

386 3195 550 3249 1508
591 3188 890 3261 Venetiis‚
918 3196 980 3250 8.
1026 3186 1203 3248 Idem
1246 3186 1507 3258 h’bellus,
1546 3204 1685 3246 cum
1726 3182 1923 3244 Plinii
1966 3182 2126 3264 Epp.
2196 3183 2361 3245 Vide
2387 3184 2522 3246 Re-

177 3343 186 3349 .
299 3305 545 3345 censum
569 3293 831 3346 nostrum
857 3283 1003 3345 edd.
1019 3284 1296 3364 Panegg.
1323 3284 1499 3345 Vett.
1525 3304 1585 3364 p.
1605 3290 1789 3344 2483.

385 3389 549 3443 1510
588 3382 962 3462 Argentinae.
1006 3382 1281 3442 Suetonii
1319 3381 1657 3462 Tranquilli
1709 3379 1980 3442 Illustres
2014 3382 2184 3444 Viri:
2228 3403 2379 3463 quos
2412 3382 2522 3461 qui

305 3479 590 3542 Cornelio
630 3479 865 3561 Nepoti
890 3480 1210 3541 vendicant
1248 3480 1513 3540 maxime
1555 3478 1710 3550 falli,
1750 3479 2106 3541 Alexander
2150 3481 2528 3562 Minutianus

299 3586 632 3659 praeceptor
658 3578 794 3638 luce
820 3577 1040 3638 clarius
1056 3578 1349 3659 probavit.
1433 3576 1543 3637 Ad
1573 3577 1925 3639 Lectorem:

511 3673 790 3734 Mascula
814 3674 958 3754 quid
978 3674 1165 3734 virtus
1187 3675 1452 3734 animoso
1477 3681 1718 3753 pectore
1742 3676 1949 3754 possit,

591 3771 899 3831 Parvulus
924 3771 1023 3832 hic
1046 3771 1241 3832 codex
1272 3772 1490 3832 Lector
1510 3771 1705 3830 amice
1730 3769 1930 3832 docet.

509 3866 785 3946 Insigues
807 3867 1001 3929 titulis
1019 3869 1341 3930 monstrat
1324 3887 1413 3929 is.
1456 3887 1611 3948 quos
1636 3866 1907 3927 Romula
1931 3863 2118 3928 tellus

590 3964 740 4049 Esse
764 3966 920 4026 viros
939 3967 1212 4047 peperit.
1255 3965 1688 4047 posteritasque
1715 3964 1884 4026 colit.

303 4061 382 4122 In
409 4060 527 4121 fine
547 4061 744 4142 operis
770 4061 980 4122 addita
1004 4063 1135 4124 haec
1161 4072 1334 4122 sunt.

502 4157 820 4218 Romanas
846 4158 1004 4219 acies
1027 4180 1344 4240 regumque
1363 4159 1619 4219 illustria
1638 4157 1805 4219 facta

590 4255 660 4315 si
684 4257 853 4337 cupis
875 4257 989 4319 hoc
1015 4278 1213 4320 sumas
1235 4258 1333 4320 fac
1359 4260 1541 4321 breve
1566 4258 1752 4320 lector
1779 4278 1950 4339 opuS.
