3025 4934
499 334 633 405 514
686 376 697 383 ·

499 500 579 550 sie
599 499 770 550 solere
789 496 1014 562 optimos
1034 494 1188 547 codd.
1206 496 1437 546 seribere
1462 494 1558 545 du·

499 576 621 627 dum
649 582 961 625 monuerunt
998 575 1092 622 viri
1126 573 1289 623 docti.
1352 573 1560 622 Pierius

499 654 565 703 ad
590 652 740 715 Virg.
763 651 882 701 AEu.
911 663 1033 700 vm.
1067 654 1184 700 646.
1216 650 1457 699 vorstius
1491 649 1559 699 ad

498 730 617 778 Val.
637 729 786 778 Max.
812 741 902 778 m.
933 731 984 774 3.
1004 741 1210 790 exemp.
1235 739 1274 777 ι.
1298 735 1353 777 et
1374 725 1557 776 Duke-

497 819 587 855 rus
609 804 675 853 ad
709 804 847 854 Flor.
870 817 909 853 ι.
932 807 1012 852 lo.
1036 804 1064 867 §
1091 808 1140 852 1.
1206 802 1463 866 Exempla
1487 816 1556 851 ex

497 881 681 944 poetis,
717 880 808 929 ubi
840 880 1011 928 media
1047 878 1350 941 corripitur.
1395 878 1557 929 babet

498 959 693 1021 Dausq.
714 956 781 1007 de
804 956 1053 1017 Ortbogr.
1069 969 1133 1005 ιι.
1154 959 1270 1005 246.
1339 954 1457 1005 Hoc
1479 955 1553 1004 lo·

495 1049 558 1084 eo
581 1048 786 1100 quoque
810 1033 1069 1082 Por-senam
1083 1030 1323 1080 ediderat
1337 1031 1552 1081 Macha-

493 1124 639 1169 nens,
659 1110 843 1172 Aldus,
859 1108 1142 1173 Gryphius,
1153 1117 1210 1158 et
1222 1108 1407 1157 ceteri.
1418 1109 1552 1157 Arn-

491 1187 692 1239 lunius.

557 1262 815 1327 Retinere]
834 1263 1025 1313 Melius
1044 1268 1248 1312 veteres
1257 1276 1553 1326 recuperare.

488 1339 699 1390 Schott.

556 1418 587 1481 ξ
604 1421 637 1465 6
663 1415 852 1478 Cnnoe]
873 1414 1096 1467 Strabo:
1123 1422 1139 1445 ‘
1153 1414 1286 1464 Sunt
1304 1414 1552 1464 vetustis-

491 1493 679 1543 simum
715 1492 1121 1549 Calcidensium,
1142 1501 1198 1540 et
1220 1492 1549 1542 Cumaeorum

489 1568 764 1617 edificium
784 1584 800 1618 z
836 1568 1150 1632 antiquitate
1165 1567 1299 1616 euim
1315 1577 1551 1623 cunctas,

487 1653 544 1697 et
566 1645 761 1697 Sicilia
783 1652 839 1694 et
856 1645 1048 1702 Italiae,
1071 1644 1227 1695 urbes
1240 1644 1549 1695 antecellit-³

486 1721 654 1777 Maeli.
704 1744 713 1753 ·

553 1798 656 1847 Per
702 1812 932 1847 summum
985 1793 1321 1859 ignominiam]
1375 1796 1546 1845 Vetus

484 1874 602 1923 eod·
629 1888 733 1925 uon
766 1876 900 1924 male
927 1889 1034 1923 cum
1063 1888 1243 1922 summa
1266 1873 1547 1934 ignominia.

392 1956 398 1964 “
481 1951 686 2002 Schott.
750 1952 823 2000 Et
844 1953 919 2000 sie
943 1951 1184 2000 ediderat
1205 1949 1547 2013 Machaneus,

484 2027 623 2090 quod
647 2026 805 2079 facila
836 2027 1043 2076 admitti
1078 2034 1272 2091 posset,
1300 2039 1415 2075 cum
1440 2027 1554 2075 ele--

484 2110 674 2167 gauter
694 2105 771 2152 ita
795 2103 1068 2166 loquantur
1100 2102 1316 2152 Sallust.
1347 2103 1472 2166 Jug.
1495 2117 1546 2151 e.

482 2183 579 2228 1⁴..
610 2180 639 2242 ξ
686 2183 766 2228 15.
814 2179 831 2206 ‘
857 2180 1031 2249 Clausi
1065 2179 1119 2227 in
1163 2178 1391 2228 tenebris
1426 2193 1545 2228 eum

479 2269 702 2304 moerore
746 2261 801 2304 et
856 2255 1002 2304 luctu
1043 2264 1210 2305 morte
1256 2256 1546 2319 graviorem

478 2331 638 2381 vitam
665 2330 917 2394 exigunt}
971 2331 1168 2382 Justin.
1192 2346 1311 2382 xvr.
1345 2337 1396 2383 2.
1426 2335 1545 2397 §‹⁷.

479 2410 497 2434 ⁶
520 2408 651 2456 Cum
674 2420 860 2469 magna
884 2422 1056 2457 rerum
1078 2416 1340 2470 gestarum
1380 2409 1547 2472 gloria

479 2483 736 2534 moritur?
802 2483 957 2534 Adde
992 2499 1110 2550 quae
1141 2484 1207 2534 ad
1237 2485 1366 2534 Sall.
1396 2493 1545 2534 nota·

477 2562 559 2611 vit
593 2562 822 2612 Curtius.
889 2564 1138 2612 Attamen
1173 2570 1375 2612 mutare
1416 2563 1544 2612 nibil

478 2638 798 2698 nolui,'cum
833 2640 1017 2702 scripti
1063 2654 1164 2689 non
1201 2648 1402 2689 mutent
1444 2640 1543 2705 (de

479 2716 670 2765 nostris
693 2713 902 2781 loquor)
918 2731 1016 2765 nec
1040 2717 1239 2766 locutio
1254 2717 1365 2766 baee
1385 2718 1544 2767 alteri

477 2792 740 2854 elegantia
776 2794 948 2855 cedat,
976 2795 1057 2844 vel
1084 2794 1268 2843 eodem
1304 2796 1392 2844 illo
1425 2796 1540 2844 Sal·

475 2867 633 2916 lustio
672 2876 804 2918 teste
840 2869 892 2917 in
925 2869 1052 2933 Jug.
1084 2885 1133 2919 c.
1159 2873 1209 2918 2.
1244 2872 1272 2933 ς
1308 2875 1359 2920 4.
1391 2876 1405 2899 ⁸
1431 2871 1542 2920 Per

477 2944 653 2994 luxum
676 2953 832 3011 atque
851 2947 1101 3009 ignaviam
1117 2956 1326 2998 aetatem
1341 2948 1542 3013 agunt.'

474 3022 650 3071 Arulz.

543 3099 679 3147 Cae.
701 3110 781 3148 xx.
814 3100 895 3163 §1
931 3098 1131 3164 Son-ore]
1165 3100 1295 3149 Mss.
1326 3115 1388 3150 ex
1407 3115 1537 3150 soro·

471 3188 545 3223 re.
611 3174 715 3223 Hie
743 3175 889 3224 Livio
924 3183 1195 3239 repugnat,
1228 3177 1314 3239 qui
1357 3178 1536 3239 Egerii

473 3249 638 3300 filium
675 3248 803 3300 facit
842 3251 1175 3317 Tarquinium
1202 3253 1537 3310 Collatinum,

475 3336 533 3376 et
552 3334 797 3390 nepotem
831 3335 1033 3377 tantum
1065 3329 1336 3392 Tarquinii
1364 3329 1536 3378 Prisci

474 3417 541 3452 ex
575 3400 757 3452 fratre.
821 3404 960 3453 Vide
998 3403 1149 3454 Alex.
1174 3405 1401 3468 Neapol.
1426 3406 1534 3455 Ge·

471 3480 681 3529 nialium
704 3481 938 3538 Dierum,
960 3495 1016 3531 v.
1040 3486 1123 3531 27.
1158 3482 1350 3531 Schott.

543 3555 934 3620 contubernium]
960 3558 1167 3606 Nomen
1190 3566 1272 3607 est
1289 3558 1538 3622 militare,

474 3631 701 3694 Vegetio
723 3642 939 3681 auctore
971 3632 1268 3681 scribentez
1306 3634 1326 3662 ‘
1350 3644 1534 3685 contu-

472 3707 706 3757 bernium
744 3715 916 3758 autem
954 3709 1270 3771 manipulum
1312 3711 1533 3760 vocaba-

470 3791 559 3833 tur
580 3785 646 3834 ab
684 3800 766 3848 eo,
801 3784 939 3848 quod
974 3784 1265 3848 conjunctis
1298 3786 1533 3836 manibus

470 3861 670 3924 pariter
692 3861 1044 3910 dimicabant.'
1105 3861 1239 3911 Inde
1250 3860 1325 3911 ’ad
1350 3878 1530 3926 pacem

471 3939 799 4000 translatum,
829 3936 975 4002 quasi
1011 3938 1107 3986 sub
1143 3938 1325 3987 iisdem
1358 3938 1533 3989 taber-

470 4014 552 4062 nis
571 4028 633 4062 ae
658 4012 894 4061 domibus
918 4014 1228 4064 comessales
1252 4014 1426 4064 vivere
1448 4031 1533 4065 so·

471 4091 633 4139 leant.
663 4089 828 4140 Maeli.

546 4166 643 4215 Uen·
670 4180 775 4215 cum
793 4166 954 4230 sorte]
998 4166 1221 4216 Parisin.
1249 4172 1305 4218 et
1338 4166 1530 4231 Agrip·

410 4258 415 4267 ·
473 4241 599 4307 pin.-
649 4243 785 4294 Unde
818 4258 923 4294 cum
950 4243 1088 4305 sorte
1115 4244 1337 4313 liberiore
1366 4245 1531 4296 coavi-

1183 352 1434 403 NQTAE·
1454 351 1870 403 vunonem
1918 353 2003 404 11⁴1

1633 496 1733 549 vlo.
1771 496 1975 547 Sebott.
2037 496 2106 547 In
2126 510 2228 547 non
2253 497 2514 562 reperitur
2532 497 2698 550 iti-m·

1635 573 1751 623 dice
1777 574 2030 626 Grammii
2049 582 2109 623 et
2124 573 2256 624 edit.
2277 573 2465 625 Anna.
2501 574 2704 627 Arm„

1667 676 1674 681 ⁸
1702 651 1965 713 Coningem
1995 649 2157 712 mm]
2211 651 2367 702 ovid.
2416 652 2436 681 ⁴
2458 653 2694 717 Quisque

1633 739 1774 774 suam
1793 726 2034 776 laudant:
2058 726 2241 777 studiis
2254 729 2538 777 certamina
2552 742 2694 779 eres-

1631 801 1795 852 cunt!
1828 803 1994 852 Maeli.
2061 803 2182 859 Non
2210 810 2454 867 potuerat
2474 819 2538 854 eo
2560 813 2693 856 tem-

1630 891 1759 941 pore
1792 880 2064 929 eousulere
2095 880 2378 943 Nasonem,
2408 883 2497 946 qui
2532 883 2694 932 tutius

1629 957 1970 1020 precepisset
1992 955 2112 1006 Art.
2132 957 2225 1006 lib.
2244 969 2285 1006 1.
2310 972 2384 1006 vs.
2405 961 2520 1007 741.
2541 958 2559 985 ⁶
2584 958 2693 1009 Hei

1628 1029 1750 1078 mibi
1772 1044 1876 1079 non
1899 1039 2069 1081 tutum
2093 1041 2196 1092 est,
2220 1032 2357 1095 quod
2393 1046 2559 1094 ames,
2582 1033 2694 1083 lau-

1630 1106 1755 1157 dare
1778 1108 1962 1164 sodali,
1986 1109 2115 1158 Cum
2140 1109 2236 1158 tibi
2259 1109 2506 1159 laudanti·
2521 1110 2692 1160 credi-

1628 1183 1727 1239 dit,
1748 1185 1860 1247 ipse
1893 1185 2070 1234 subit:
2134 1186 2394 1250 Exempla
2420 1199 2690 1236 enumera·

1630 1273 1684 1308 re
1703 1269 1912 1309 nonest
1947 1261 2048 1313 mei
2066 1261 2313 1312 instituti.
2376 1263 2695 1315 Notissimus

1553 1368 1560 1375 ι
1626 1345 1708 1386 est
1728 1339 1922 1390 Justini
1950 1339 2093 1390 loeus
2118 1353 2164 1388 1.
2181 1343 2234 1390 7.
2266 1341 2444 1390 Arutz.

1692 1413 1763 1462 Et
1783 1413 1925 1476 luxu]
1960 1414 2205 1479 Corrupti
2240 1413 2324 1465 bic
2357 1422 2509 1464 erant
2532 1421 2589 1464 et
2608 1414 2692 1464 in·

1627 1490 1873 1553 terpolati
1905 1490 2039 1541 libb.
2068 1490 2273 1553 scripti,
2306 1491 2403 1540 nisi
2440 1492 2575 1555 quod
2613 1492 2694 1541 vel

1624 1567 1732 1615 lusu
1769 1568 2165 1632 comprehendunt
2202 1569 2389 1631 legisse
2427 1567 2694 1618 videntur.

1625 1641 1813 1692 Solum.
1888 1644 1975 1694 Vel
2015 1646 2125 1694 lusa
2161 1645 2315 1695 Fran.
2357 1653 2416 1695 et
2454 1645 2694 1696 Granum.

1626 1718 1749 1766 Non
1786 1720 2111 1769 incommode
2145 1735 2269 1770 saue
2299 1722 2412 1770 baee
2445 1735 2545 1771 vox
2580 1723 2690 1772 ῑυια

1624 1796 1836 1845 retineri
1861 1806 2056 1861 posset,
2074 1797 2330 1862 quomodo
2345 1806 2400 1848 et
2416 1799 2552 1862 apud
2571 1798 2694 1849 Liv-

1623 1884 1665 1922 1.
1680 1875 1761 1922 57.
1776 1873 1939 1937 (uude
1961 1874 2073 1923 haze
2099 1874 2338 1923 videntur
2361 1872 2553 1939 petita)
2566 1889 2691 1924 con-

1613 1948 1753 2011 jecit
1766 1960 1983 2012 magnus
1999 1951 2113 2014 ejus
2130 1951 2437 2000 emendator
2452 1950 2690 2001 Gronov.

1622 2025 1683 2074 la
1701 2027 1915 2076 convivio
1935 2028 2131 2090 lusuque
2151 2043 2256 2076 eum
2278 2027 2536 2091 equalibus
2554 2030 2686 2078 vide-

1619 2107 1761 2153 rant.-
1814 2115 1930 2150 eum
1974 2104 2129 2152 bodie
2167 2102 2420 2152 habeatur
2459 2104 2688 2167 luxuque.

1619 2175 1875 2226 Similiter
1906 2177 2146 2242 Hyginus
2172 2178 2301 2229 Feb.
2330 2191 2491 2228 cvm.
2528 2182 2547 2208 ‘
2570 2180 2687 2245 Ipsi

1619 2262 1782 2303 noctu
1801 2253 1918 2325 lusu
1941 2265 2096 2319 atque
2117 2254 2235 2303 vino
2251 2255 2375 2303 lassi
2392 2254 2692 2305 obdormis·

1617 2327 1772 2378 sent.'
1838 2330 1952 2379 Nee
1970 2331 2087 2378 ideo
2106 2335 2278 2379 tamen
2301 2331 2421 2379 lncxu
2441 2330 2684 2394 rejicien-

1618 2404 1740 2455 dum
1763 2407 1883 2456 erit.
1947 2407 2116 2455 Recte
2134 2408 2327 2455 etenim
2349 2408 2533 2456 ‘luxus
2550 2406 2563 2428 ’
2589 2407 2682 2457 ad-

1617 2481 1825 2532 hibetur
1860 2483 1927 2532 de
1966 2482 2295 2532 hilarioribus
2327 2483 2593 2541 conviviis,
2626 2485 2684 2533 in

1617 2559 1804 2622 quibus
1824 2560 1962 2607 ultra
1978 2560 2183 2608 modum
2202 2559 2417 2608 Baccho
2434 2565 2491 2609 et
2508 2559 2684 2609 Genio

1617 2634 1952 2698 indulgetur3
1985 2636 2051 2684 tle
2087 2635 2338 2684 conviviis
2362 2650 2476 2699 quae
2500 2635 2680 2685 immo·

1616 2711 1749 2761 dicis
1772 2712 2030 2761 sumtibus
2052 2712 2310 2761 instructa,
2328 2719 2468 2760 sunt·
2527 2712 2681 2762 Taci-

1617 2796 1698 2839 tus
1721 2788 1861 2838 Ann.
1885 2801 1980 2837 xv.
2003 2792 2087 2837 37.
2120 2796 2135 2817 ‘
2160 2788 2527 2838 celeberrimas
2550 2789 2680 2838 luxu

1612 2864 1854 2929 famaque
1869 2866 2037 2928 epulae
2053 2864 2235 2915 fuere-⁹
2255 2866 2530 2916 Claudian.
2542 2866 2683 2916 Bell·

1614 2940 1742 2991 Get.
1766 2955 1840 2990 vs.
1863 2944 1978 2989 367.
2012 2947 2027 2968 ‘
2053 2941 2104 2991 N
2112 2942 2284 2990 nutius
2306 2942 2361 2990 in
2382 2943 2560 2992 luxum
2582 2941 2679 2992 fal·

1611 3032 1671 3066 so
1690 3032 1892 3066 rumore
1917 3020 2128 3067 resolvit
2150 3019 2284 3068 Dum
2304 3027 2539 3068 marcent
2555 3034 2677 3082 epu·

1610 3093 1692 3148 lis,
1714 3101 1872 3158 atque
1906 3093 2045 3142 iuter
2080 3094 2196 3141 vina
2231 3093 2513 3158 chorosque
2544 3094 2676 3144 Per·

1610 3170 1769 3219 sultat
1803 3171 1978 3219 vacuis
2007 3168 2207 3218 effrena
2240 3170 2451 3219 licentia
2489 3170 2678 3222 tectis.'

1610 3245 1864 3309 sulpitius
1896 3247 2121 3298 Severus
2151 3246 2288 3296 Hist.
2310 3245 2457 3297 Sacr.
2477 3259 2543 3297 u.
2567 3252 2616 3296 6.
2643 3249 2673 3311 ξ

1610 3326 1660 3373 3.
1690 3330 1705 3353 ⁴
1730 3324 1861 3372 Cum
1883 3324 1963 3372 bis
1987 3339 2081 3387 per
2105 3324 2283 3372 luxum
2316 3332 2372 3372 et
2407 3323 2680 3374 licentiam-

1611 3400 1801 3463 regalis
1855 3401 2078 3450 convivii
2135 3401 2429 3464 promiscue
2483 3415 2674 3450 uxores

1611 3476 2017 3541 concubinaeque
2072 3475 2379 3527 uterentur.’
2455 3476 2676 3526 Sueton.

1608 3552 1732 3603 Tito
1755 3567 1802 3602 e.
1824 3558 1874 3603 7.
1895 3554 2008 3601 init.
2043 3555 2328 3617 ‘Suspecta
2348 3553 2402 3603 in
2423 3568 2487 3602 eo
2510 3555 2671 3603 etiam

1609 3629 1813 3677 luxuria
1831 3638 1966 3691 erat,
1978 3628 2114 3693 quod
2135 3628 2199 3677 ad
2218 3627 2440 3678 mediam
2463 3637 2672 3679 noctem

1608 3706 1764 3757 etiam
1834 3706 2237 3756 comessationes
2305 3706 2671 3757 extenderet.'

1611 3783 1881 3832 Claudian-
1907 3785 2062 3846 Rapt.
2088 3783 2234 3831 l’ros.
2255 3797 2321 3833 ιι.
2342 3786 2454 3832 326.
2484 3791 2499 3811 ·
2524 3783 2669 3843 (ἕως

1608 3866 1792 3923 tesque
1814 3861 2029 3922 sepultae
2054 3860 2362 3922 Luxuriant,
2395 3859 2672 3923 epulisque

1610 3945 1799 3985 vacant
1865 3937 2149 4000 genialibus
2208 3934 2437 3985 umbre?
2534 3938 2670 3988 cum

1606 4013 1819 4068 mensis,
1846 4014 2021 4062 luxum
2037 4013 2217 4076 jungit
2238 4012 2392 4061 etiarn
2423 4012 2668 4063 Lucanus

1606 4102 1646 4138 1.
1669 4093 1783 4140 162.
1811 4097 1827 4120 ⁶
1853 4090 2144 4155 Praedaque
2174 4097 2232 4139 et
2258 4090 2467 4138 hostiles
2488 4089 2667 4139 luxum

1604 4180 1815 4216 suasere
1839 4169 2069 4231 rapina-2
2105 4168 2224 4216 Non
2256 4179 2382 4231 auro
2408 4167 2665 4230 tectisque

1604 4244 1805 4300 modus,
1828 4258 2131 4309 mensasque
2151 4243 2357 4308 priores
2367 4243 2669 4307 Aspernata
