3025 4934
659 429 951 481 Auum„
980 424 1180 475 vto‘r.
1226 422 1455 473 vmos
1505 414 1863 472 lumem.
1910 417 2078 468 OAP.
2126 416 2242 467 xl.

324 574 498 629 nando
520 576 574 626 in
592 572 901 632 Artemisio,
921 569 1195 625 Salamine,
1221 567 1397 619 Mm-

326 655 508 715 timue,
516 652 720 702 Plateis
738 662 835 715 pro
851 648 1020 714 patria
1031 645 1401 698 occubueraut.

337 729 503 779 Macis-

392 800 674 867 Luxmnt]
703 800 873 851 Pullis
903 813 963 851 ac
996 798 1123 849 atris
1161 797 1397 848 vestibus

324 880 526 930 indute
571 876 804 928 fuerunt.
850 877 1016 927 Μανῆ.
1081 876 1204 925 Non
1251 882 1398 923 recte

326 971 452 1007 enne
498 954 832 1005 desideratur
872 954 923 1003 in
969 952 1134 1015 Lugd.
1173 954 1229 1002 1.·
1258 949 1396 1015 quod

330 1035 515 1083 adesse
546 1031 726 1081 debet.
759 1030 982 1094 Eutrop.
1012 1038 1052 1078 1.
1075 1032 1158 1079 10.
1192 1034 1211 1059 ‘
1233 1026 1398 1079 Quasi

328 1123 653 1159 communem
689 1114 895 1171 patrem
933 1118 1029 1169 per
1063 1118 1251 1154 annum
1283 1103 1397 1152 iux·

329 1183 524 1234 erunt!
558 1190 616 1232 et
637 1197 757 1244 cap.
783 1185 861 1230 11.
894 1187 910 1209 ⁸
934 1180 1103 1232 Quem
1128 1189 1398 1241 matrone,

328 1261 470 1310 sicut
481 1260 723 1318 Brutum,
737 1271 928 1307 anuum
944 1252 1226 1306 luxerunt!
1243 1253 1397 1305 Adde

328 1338 530 1399 (ἔτους.
551 1336 616 1385 ad
653 1335 841 1386 Juveu.
876 1334 987 1383 Sat.
1013 1345 1138 1382 vm.
1160 1334 1279 1381 267.
1310 1329 1398 1380 Li·

330 1414 491 1471 vium,
516 1413 661 1462 alios.
699 1411 876 1461 Arata.

393 1491 535 1541 Car.
560 1502 641 1538 ιι.
663 1491 691 1554 ς
713 1493 742 1538 1
778 1487 1018 1550 Porsena]
1054 1485 1185 1534 Post
1210 1484 1398 1534 bellum

329 1582 360 1617 a
403 1568 642 1617 Romana
684 1565 931 1615 libertate
975 1570 1176 1629 gestum
1215 1570 1401 1613 contra

328 1645 586 1693 Veientes
622 1658 684 1693 ac
713 1639 1115 1705 Tarquinienses
1152 1652 1297 1688 arma
1318 1652 1400 1687 re·

329 1720 483 1784 gibus
541 1717 874 1768 restituendis
939 1721 1296 1779 capessentes,
1345 1713 1399 1762 in

327 1810 430 1859 quo
469 1793 610 1844 baud
649 1793 806 1842 dubie
846 1790 1066 1840 Romani
1106 1789 1402 1852 superiores

328 1877 606 1928 exstitere,
642 1871 1027 1936 potentissimus
1059 1867 1282 1918 Etruriae
1305 1881 1398 1915 rex

328 1951 684 2004 defensionem
723 1954 879 2013 atque
904 1944 1256 2009 proeliumpro
1275 1942 1400 1991 Tar-

327 2029 521 2093 quiniis
542 2026 794 2088 suscepit,
817 2028 873 2073 et
892 2023 1033 2071 iflico
1052 2020 1238 2069 infesto
1252 2033 1401 2069 exer-

327 2106 440 2154 citu
458 2104 672 2153 Romam
690 2101 972 2152 accelerat,
990 2111 1089 2146 uou
1106 2095 1398 2158 impetratis

328 2196 360 2231 a
403 2187 591 2229 senatu
628 2177 863 2226 Romano
900 2187 994 2239 per
1037 2174 1237 2236 legatos
1280 2186 1397 2237 qum

333 2258 567 2309 volebat.
603 2255 768 2305 Maeli.

392 2330 698 2394 Junicalum]
733 2331 780 2379 A
819 2328 836 2356 ⁴
860 2324 1033 2379 Jauo'
1058 2323 1293 2386 dictum,
1338 2328 1398 2373 nt

329 2411 569 2464 Jauualis
625 2415 793 2473 perta,
848 2404 914 2454 de
960 2418 1063 2468 qua
1105 2402 1183 2451 ita
1226 2401 1396 2452 Janus

331 2489 499 2552 primo
543 2487 852 2536 Fastorum:
900 2480 1051 2530 ‘Arx
1090 2492 1205 2527 mea
1250 2478 1397 2526 collis

333 2572 468 2629 erat,
525 2577 677 2627 quam
733 2560 915 2622 vulgus
961 2556 1170 2606 nomine
1219 2561 1396 2603 nostro

333 2642 658 2705 Nuncupat3
689 2639 803 2687 liaec
835 2643 962 2685 aetas
997 2631 1396 2695 Janiciuiumqne

334 2717 528 2769 vocat!
562 2716 729 2766 Mach-

401 2792 592 2857 Cocles]
629 2793 705 2840 De
726 2791 743 2820 ‘
770 2788 985 2840 Coclitis
1001 2784 1016 2809 '
1052 2784 1255 2835 nomine
1278 2784 1397 2834 vide
1422 2828 1427 2833 s

335 2871 564 2922 Plinium
601 2881 680 2918 ιι.
711 2870 794 2917 87.
859 2865 1028 2913 Varro
1057 2861 1124 2911 de
1147 2862 1204 2911 Ι...
1228 2861 1284 2910 L.
1307 2860 1395 2910 lib.

336 2958 417 2996 vr.
446 2948 464 2976 ‘
491 2944 579 2995 Ab
616 2943 767 2993 oculo
804 2940 1011 2995 Cocles,
1050 2938 1198 3003 quasi
1238 2936 1397 2987 Ocles

332 3023 525 3080 dictus,
569 3019 657 3083 qui
694 3030 849 3066 unum
893 3014 1113 3063 baberet
1155 3011 1399 3062 oculum.'

333 3099 569 3161 Scaliger
597 3103 774 3144 tamen
812 3107 843 3141 a
877 3088 1074 3154 κύκλωψ
1094 3088 1170 3138 sic
1198 3087 1396 3139 dictum

335 3185 511 3243 putat.
544 3175 733 3225 Schoit.

395 3254 524 3319 Pro]
557 3251 623 3303 td
670 3257 769 3312 est,
807 3248 824 3277 ‘
862 3244 1022 3298 ante.’
1075 3244 1236 3295 Mac-k.
1299 3242 1395 3294 Uti

332 3330 350 3359 ⁶
370 3342 464 3394 pro
488 3325 708 3388 rostris‚'
732 3328 868 3387 ‘pro
894 3319 1182 3395 tribunaljss
1205 3328 1259 3370 et
1280 3320 1395 3370 alia.

334 3407 528 3457 Confer
558 3404 789 3454 Gronov.
819 3400 884 3450 ad
908 3401 1099 3452 Justiu.
1123 3412 1212 3448 ιιι.
1234 3404 1283 3447 6.
1303 3399 1396 3461 §⁹-

335 3484 523 3534 Heins.
569 3482 635 3531 ad
681 3478 859 3529 Albiu.
904 3477 1052 3539 Eleg.
1096 3477 1163 3526 de
1216 3476 1394 3524 Morte

333 3560 495 3610 Drusi
513 3560 716 3608 vs.288.
731 3557 977 3606 Burman.
997 3553 1060 3602 ad
1081 3553 1201 3602 Val.
1220 3552 1395 3602 Flacc.

335 3651 408 3686 ιν.
430 3641 546 3686 110.
563 3642 632 3682 'et
670 3633 817 3682 Cort.
847 3631 913 3680 ad
946 3629 1073 3679 Sall.
1096 3629 1253 3679 Catil.
1278 3642 1396 3692 cap.

334 3716 410 3762 18.
434 3715 462 3777 ξ
486 3717 537 3761 8.
573 3710 747 3759 Arutz.

396 3784 633 3848 Sublieio]
686 3785 818 3834 Mss.
861 3782 947 3831 hie
989 3780 1232 3831 variant:
1268 3796 1396 3830 unus

326 3864 535 3928 &sulpitio
554 3861 797 3916 babebat,
825 3866 880 3909 et
899 3872 1056 3921 supra
1078 3856 1396 3922 adscriptum

330 3943 562 4008 migfilicio
597 3938 810 3988 Tiberis.-
847 3936 980 3985 alter
1012 3935 1238 3985 Subliciu-
1304 3935 1398 3984 Di-

335 4021 470 4070 citur
514 4026 686 4069 autem
731 4030 762 4063 a
797 4016 814 4043 ‘
847 4012 1147 4069 sublicibus,
1153 4011 1171 4033 '
1202 4012 1255 4061 id
1295 4021 1398 4075 est,

248 4107 256 4115 ·
335 4097 571 4146 trabibus
621 4090 821 4155 maguis
864 4090 1004 4138 inter
1036 4102 1093 4137 se
1133 4089 1400 4140 connexis.

336 4169 579 4224 ‘Licio'
623 4170 761 4218 enim
808 4165 1035 4229 antiquis
1081 4172 1397 4215 connectere

338 4248 691 4313 significabat.
725 4253 781 4295 et
815 4242 1038 4291 sublicas
1069 4241 1246 4291 trabes
1286 4242 1398 4290 illas

335 4322 580 4377 dixerunt
632 4338 747 4389 quae
796 4321 1017 4369 invicem
1072 4318 1403 4383 colligantur.

2402 398 2534 465 519

1470 564 1653 617 Graeci
1676 563 2024 614 Romanarum
2055 570 2228 612 rernm
2251 559 2535 623 scriptores

1470 640 1665 704 ξυλίνην
1694 638 1925 704 γέφυραν,
1961 637 2014 688 id
2042 644 2145 702 est,
2176 637 2388 700 ligneum
2414 650 2538 736 pon·

1472 727 1568 772 tem
1588 720 1874 782 appellant.
1906 716 2091 767 seruate.

1551 799 1719 864 Schts]
1787 797 1872 848 Its
1920 796 2179 860 pleniores
2226 791 2357 842 libb.
2401 796 2538 840 vett.

1473 875 1660 926 Schett.
1723 876 1798 925 Ut
1822 874 2063 924 inutilem
2097 879 2268 920 tamen
2289 868 2425 917 lianc
2446 879 2529 915 νο·

1470 962 1585 1004 ‘cem
1609 952 1901 1017 rejecerant
1921 951 2116 1015 aliquot
2138 946 2322 997 nostri.
2371 943 2537 995 Addit

1477 1031 1664 1080 Horat.
1705 1028 1799 1093 Ep.
1824 1041 1889 1078 ιι.
1931 1031 1979 1076 1.
2021 1030 2064 1074 1.
2097 1024 2115 1053 ‘
2139 1025 2271 1075 Cum
2307 1027 2389 1071 tot
2424 1035 2537 1070 sus·

1471 1109 1638 1157 tineas
1652 1113 1706 1155 et
1720 1113 1870 1155 tanta
1885 1103 2093 1166 negotia
2111 1098 2287 1150 solus.'
2320 1096 2537 1147 Servius

1475 1182 1539 1232 ad
1584 1182 1775 1245 Vin-gil.
1825 1178 1938 1229 AEn.
1984 1191 2110 1227 vni.
2150 1179 2266 1226 646.
2325 1176 2342 1203 ⁴
2383 1173 2537 1222 Solus

1473 1259 1662 1309 Cocles
1697 1258 1933 1308 hostilem
1974 1256 2223 1317 impetum
2256 1247 2539 1301 sustinuit!

1470 1336 1656 1386 Florus
1680 1347 1718 1383 ι.
1743 1338 1823 1384 10.
1848 1335 1876 1398 ς
1897 1336 1944 1381 4.
1966 1330 2145 1380 Arntz.

1539 1409 1806 1474 Sustinuit]
1875 1408 2091 1459 Mediol.
2144 1404 2425 1467 substinuit,
2476 1406 2541 1453 ul:

1472 1488 1586 1540 fere
1603 1491 1655 1539 in
1677 1488 1961 1554 Tarquinio
1981 1485 2181 1534 Prisco.
2227 1482 2394 1532 Iidem
2417 1494 2537 1531 mox

1474 1566 1602 1616 illud
1627 1565 1795 1615 statim
1817 1562 2091 1627 adjiciunt.
2125 1558 2311 1608 Schuet-

1546 1645 1668 1692 Cum
1700 1657 1790 1705 qao
1823 1637 2013 1701 statim]
2051 1637 2171 1686 Tum
2193 1650 2282 1698 quo
2305 1631 2540 1682 Gramm.

1475 1717 1602 1769 illud
1647 1718 1813 1767 statim
1855 1715 2020 1765 nulius
2069 1711 2323 1776 agnoscit,
2375 1722 2539 1775 quare

1474 1806 1644 1857 neque
1669 1807 1761 1842 nos
1787 1790 2094 1854 recepimus.
2133 1787 2205 1837 At
2223 1798 2377 1835 nemo
2400 1782 2544 1848 quod

1475 1871 1655 1925 sciam,
1689 1883 1722 1918 e
1767 1867 2026 1915 veteribus
2068 1860 2302 1924 tradidit,
2336 1875 2453 1909 eum
2486 1862 2540 1909 in

1470 1946 1699 1995 Tiberim
1754 1941 2070 2001 ‘decidisse,
2074 1940 2090 1964 ’
2140 1952 2316 1988 verum
2363 1949 2541 1987 omnes

1476 2023 1526 2072 iu
1571 2019 1783 2071 fluvium
1823 2015 2168 2068 ‘desiluisse'
2200 2014 2541 2077 reliquerunt,

1474 2112 1633 2164 quare
1655 2099 1859 2147 mallem
1883 2095 2001 2144 Tum
2019 2093 2069 2142 in
2096 2090 2304 2143 noenu·
2324 2087 2539 2144 desiluit,

1473 2177 1556 2225 vel
1596 2180 1697 2225 tum
1727 2188 1777 2223 se
1810 2175 1866 2222 in
1901 2170 2111 2229 Tiberim
2143 2166 2333 2230 deiecit
2397 2163 2544 2214 tund

1472 2253 1647 2317 potuit
1684 2250 1879 2299 babere
1922 2261 1954 2294 a
1992 2245 2142 2294 Livio
2164 2255 2227 2292 ιι.
2257 2245 2338 2291 10.
2390 2238 2540 2288 ‘lta

1472 2328 1549 2377 sic
1572 2333 1796 2376 armatus
1819 2324 1873 2374 in
1892 2322 2120 2372 Tiberim
2144 2315 2393 2368 desiluit.
2420 2315 2539 2365 Hac

1473 2416 1598 2453 vero
1634 2402 1839 2451 ratione
1876 2398 2155 2450 Frontinus
2183 2396 2347 2458 strat.
2367 2406 2432 2442 ιι.
2457 2394 2540 2440 13.

1471 2490 1557 2531 ex.
1580 2486 1627 2529 5.
1651 2487 1668 2511 ‘
1693 2477 1893 2527 Audito
1916 2473 2106 2524 deiude
2129 2470 2339 2534 fragore
2363 2469 2538 2533 pontis

1474 2556 1703 2618 abrupti,
1736 2553 1935 2618 dejecit
1957 2564 2012 2598 se
2047 2550 2099 2598 in
2127 2544 2365 2596 alveum-¹
2429 2547 2447 2574 ‘
2467 2544 2539 2594 Se

1472 2634 1527 2683 iu
1565 2631 1797 2682 Tiberim
1843 2625 2016 2679 misit’
2057 2626 2195 2675 dixit
2235 2623 2357 2672 Vel.
2389 2622 2541 2672 Max.

1473 2724 1565 2760 ιιι.
1586 2715 1639 2761 2.
1660 2723 1827 2760 exem.
1851 2710 1900 2757 1.
1931 2708 2131 2756 Tuetur
2154 2709 2328 2752 tamen
2353 2716 2409 2751 se
2428 2701 2540 2750 vui·

1474 2796 1597 2851 gata
1617 2787 1717 2837 boc
1740 2785 1938 2836 Sidonii
1964 2781 2142 2846 Apoll.
2164 2779 2279 2829 loco
2300 2792 2458 2828 carm.
2481 2791 2537 2827 v.

1471 2880 1611 2915 vers.
1648 2866 1733 2913 ⁷2.
1766 2866 1782 2891 ⁸
1819 2863 1937 2912 Nec
1978 2856 2357 2923 ponte.soluto
2404 2855 2540 2905 Cum

1473 2944 1708 3001 caderet,
1751 2936 1983 2989 cecidit-³
2062 2934 2183 2986 Scio
2228 2948 2313 2983 me
2363 2934 2532 2997 primo

1473 3019 1595 3067 olim
1635 3017 1828 3066 iutuitu
1862 3011 2151 3078 conjecisse
2183 3022 2290 3059 eum
2328 3023 2443 3072 equo
2475 3007 2531 3057 int

1478 3092 1689 3143 Tiberim
1708 3090 1921 3151 desiluit,
1947 3088 2085 3154 quod
2111 3092 2283 3137 tamen
2319 3085 2538 3134 urmaie

1471 3180 1650 3219 uatum
1674 3182 1793 3218 mox
1819 3163 2055 3215 abdicavi
2081 3176 2145 3211 eo
2166 3161 2392 3224 nomine,
2416 3160 2539 3224 quia·

1473 3245 1707 3309 peditem
1745 3241 1909 3292 fuisse
1938 3238 2190 3291 Coclitem
2224 3237 2388 3287 ceteri
2417 3236 2538 3285 rell·

1473 3323 1682 3386 querint
1724 3317 1981 3381 historici,
2026 3321 2255 3366 attamen
2300 3308 2537 3364 dissensu

1475 3406 1713 3449 veterum
1757 3398 1930 3461 aliqua
1974 3392 2160 3444 coloris
2218 3392 2395 3455 specie
2429 3390 2536 3439 ·-de

1471 3475 1617 3527 feudi
1650 3492 1715 3526 ea
1759 3475 2061 3538 conjectura
2094 3477 2289 3535 posset,
2330 3470 2373 3517 si
2413 3482 2538 3517 vera

1473 3563 1559 3604 est
1602 3551 1865 3601 sententia
1916 3547 2129 3611 Begeri‚
2172 3546 2261 3611 qui
2303 3553 2538 3593 transna-

1473 3637 1671 3680 tantem
1694 3641 1929 3694 equoque
1950 3624 2255 3674 insidentem
2283 3623 2336 3671 iu
2361 3621 2539 3671 tabula

1474 3705 1689 3756 exbibet
1723 3705 1789 3754 ad
1824 3704 1963 3752 Flor.
1996 3714 2036 3750 1.
2073 3704 2151 3749 10.
2217 3697 2415 3747 Eadem
2449 3712 2537 3747 va·

1475 3784 1635 3833 rietus
1670 3781 1977 3831 observatur
2005 3778 2058 3827 in
2093 3776 2276 3827 Cloeiia
2315 3773 2536 3836 virgine,

1475 3874 1626 3926 quam
1663 3859 1751 3908 alii
1791 3857 1982 3918 nando,
2014 3854 2179 3904 ceteri
2211 3866 2346 3916 equo
2369 3858 2540 3899 1111111·-

1472 3938 1595 3987 iisse
1628 3934 1819 3986 flumen
1842 3940 2120 3994 testantur,
2151 3929 2217 3979 de
2240 3944 2301 3978 ea
2323 3942 2381 3977 re
2405 3929 2536 3976 Dra·

1473 4013 1631 4063 kenb.
1667 4011 1732 4061 ad
1769 4011 1944 4061 Sil.·x.
1965 4011 2084 4057 498.
2146 4004 2250 4054 Sed
2275 4003 2340 4051 de
2362 4010 2535 4052 statua

1474 4090 1566 4139 illa
1587 4087 1791 4138 infirma
1811 4088 1938 4137 satis
1957 4089 2079 4133 sunt
2101 4080 2293 4141 omnia,
2310 4093 2426 4129 cum
2442 4093 2536 4128 uo·

1475 4170 1586 4215 tum
1622 4165 1711 4227 sit,
1745 4162 2112 4226 antiquitatum
2138 4158 2341 4221 ignaros
2363 4156 2535 4218 sculp-

1473 4248 1616 4291 tores
1640 4239 1871 4305 quotidie
1905 4236 2036 4297 falli,
2068 4232 2206 4298 quod
2245 4239 2351 4282 tam
2376 4229 2533 4280 facile

1474 4319 1528 4368 iu
1573 4318 1814 4368 historico
1858 4312 2082 4378 cogitari
2120 4309 2304 4375 nequit
2330 4326 2346 4370 ;
2375 4317 2543 4374 atque·
