3025 4934
577 398 860 447 sunm„
900 395 1091 445 vlc·1·.
1128 395 1350 446 vinos
1400 397 1752 449 ILBUSTR.
1798 401 1963 448 GAP.
2014 399 2254 450 Lxxv.

315 545 429 603 post
472 540 750 590 Lucullum
793 538 917 603 quid
958 539 1068 602 egit
1109 538 1369 601 Tigranes

313 619 515 680 digmim
539 618 817 667 memoria?
840 616 964 681 quid
995 616 1370 666 Mithradates?

311 709 459 757 quinum
478 696 522 743 is
540 695 894 757 superioribus
910 693 1141 744 cladibus
1155 695 1370 743 obrutus

310 781 459 835 atque
481 770 806 832 confractus,
841 785 938 821 nec
973 772 1123 821 modo
1144 786 1257 820 anas
1278 770 1367 820 ad·

309 861 483 896 versus
514 847 827 911 Pompeium
862 847 1042 910 copias
1074 855 1226 897 extra
1259 848 1367 897 val·

308 920 407 971 lum
450 921 679 972 educere
719 935 873 972 ausus
917 921 1094 986 fuerit,
1131 923 1221 972 sed
1256 923 1366 973 sola

309 996 432 1062 fuga
452 999 615 1048 saluti
649 1000 1005 1049 consulens-in
1039 1000 1366 1064 Bosphorum

305 1087 361 1121 se
385 1075 627 1137 recepit:
667 1074 917 1139 Tigranes
940 1090 1065 1125 vero
1093 1078 1266 1127 nudns
1288 1087 1366 1128 at·

307 1164 401 1212 que
430 1152 646 1200 inermis
669 1165 839 1201 coram
863 1152 1118 1216 Pompeio
1144 1156 1366 1218 supplex

304 1224 436 1274 humi
477 1241 640 1291 quum
676 1228 1071 1291 procubuisset;
1104 1229 1364 1280 sublatum

306 1304 521 1367 propriis
566 1305 808 1355 manibus
849 1318 881 1355 e
916 1308 1089 1369 capite
1127 1305 1367 1357 diadema

302 1380 364 1428 ad
387 1381 525 1430 illius
545 1380 711 1444 pedes
734 1380 1021 1444 deposuit)
1051 1382 1216 1431 Maca.

359 1456 587 1523 Affinit]
606 1458 814 1519 &abegit
831 1458 953 1509 libri
973 1460 1242 1524 scripti‚et
1257 1458 1364 1510 for·

303 1536 433 1583 tasse
466 1535 690 1584 rectius·
723 1535 912 1585 Schott.

313 1627 316 1632 ·
360 1609 580 1674 Eumque
598 1625 751 1673 regno
777 1625 861 1659 sao
881 1609 1064 1673 Ponto]
1096 1611 1227 1660 Μαι.
1246 1611 1365 1662 brea·

300 1683 438 1734 vius:
460 1700 665 1750 euntque
683 1695 881 1735 ranam·
899 1700 1007 1735 cam
1028 1686 1238 1749 Rerum
1252 1701 1366 1750 rege

297 1762 536 1813 Armenia
551 1764 819 1814 venientem
830 1778 1009 1825 magna
1016 1765 1265 1824 facilitate
1283 1779 1365 1815 su-

297 1841 503 1902 peravit.
574 1841 778 1890 Nimius
815 1840 869 1889 ia
901 1841 1086 1889 ambita
1117 1841 1366 1902 signorum

296 1920 343 1963 et
362 1917 638 1966 tabularum
651 1916 1075 1980 amoreflagravit.
1142 1918 1364 1967 Retineo

299 1997 466 2042 tamen
489 1993 685 2054 habita,
704 1996 842 2058 quod
868 1993 1116 2043 Horatius
1141 1994 1363 2046 Flaccus

298 2066 461 2130 Epist.
485 2070 554 2118 ad
589 2068 888 2118 Numicium
908 2069 1002 2120 lib.
1027 2083 1068 2119 ι.
1092 2070 1361 2134 profusum

296 2150 352 2192 et
387 2145 605 2194 nimium
666 2144 867 2194 Luculli
909 2145 1141 2196 habiturn
1176 2155 1361 2199 notet:

297 2219 441 2268 ‘Nec
475 2218 647 2270 fueris
682 2220 766 2270 hic
801 2227 889 2269 tu:
925 2221 1234 2287 chlamydes
1258 2226 1362 2275 Lu·

296 2296 451 2344 cnllns
487 2296 580 2361 (at
621 2294 790 2359 siunt)
833 2297 890 2346 Si
937 2307 1115 2361 posset
1150 2293 1370 2350 centum*

294 2383 462 2421 scenoe
503 2372 761 2434 praebere,
785 2372 1033 2435 rogatus,’
1054 2377 1153 2425 ὅτε.
1222 2377 1360 2427 Vide

298 2445 638 2497 Plutarchum
661 2457 897 2497 extremo
923 2449 1160 2507 Lucullo,
1179 2452 1270 2502 ubi
1304 2459 1360 2504 et

295 2520 499 2573 Horatii
536 2524 716 2573 Flacci
742 2524 1006 2576 meminit:
1039 2526 1130 2576 sed
1163 2527 1359 2578 ducen-

298 2604 375 2646 tas
398 2613 455 2647 se
477 2600 681 2650 habere
703 2601 1024 2666 chlamydes,
1045 2603 1210 2666 inquit
1232 2605 1360 2654 Plu-

293 2673 517 2724 tarchus.
553 2675 808 2725 Horatius
832 2678 1249 2741 quinquemillia,
1269 2695 1357 2744 po·

292 2747 474 2801 ὅῑίοὸε.
510 2752 702 2803 Solunte.
754 2753 945 2803 Habitn
964 2756 1094 2805 Pan.
1113 2757 1356 2807 Mas-non

290 2828 483 2888 ambitu,
508 2828 652 2894 quod
678 2829 731 2877 in
749 2830 961 2879 aliorum
992 2832 1236 2895 scriptis3
1266 2833 1357 2884 de-

290 2904 615 2970 struiturque
663 2919 693 2952 a
734 2905 1003 2955 Plutarchi
1041 2909 1259 2960 Lucullo
1304 2911 1357 2959 in

292 2975 410 3042 line,
456 2989 513 3029 ut
564 2988 622 3028 et
661 2980 868 3030 Horatii
904 2983 1075 3044 Epist.
1111 2998 1147 3034 1.
1190 2990 1240 3034 6.
1277 2990 1359 3036 40.

291 3055 726 3116 quemadmodum
796 3066 1098 3109 annotatum
1155 3076 1358 3125 quoque

291 3130 421 3180 aliis.
456 3133 611 3183 Grae.
678 3133 867 3182 Placet
889 3137 1024 3199 quod
1048 3137 1098 3184 in
1121 3138 1357 3187 omnibus

292 3218 370 3257 est
393 3209 801 3272 exemplaribus,
832 3220 1058 3275 excepto
1080 3214 1192 3263 solo
1213 3214 1356 3264 Leid.

295 3286 338 3332 l.
358 3277 445 3334 nbi
468 3285 598 3335 nihil
622 3286 687 3334 de
726 3286 980 3337 varietate
1010 3288 1063 3337 in
1085 3293 1355 3354 excerptis

290 3368 548 3416 mouetur,
601 3375 689 3410 sna
740 3376 907 3425 regno,
957 3363 1011 3411 id
1049 3370 1140 3426 est,
1182 3367 1356 3417 Ponto.

291 3435 565 3488 Quomodo
601 3438 711 3500 jam
758 3439 998 3489 ediderat
1039 3439 1261 3506 Agripp.
1300 3451 1356 3494 et

292 3510 530 3574 Veneta;
569 3515 760 3565 locutio
800 3516 1130 3567 usitatissima
1166 3522 1355 3568 veteri·

291 3584 402 3647 hus,
423 3591 465 3638 si
492 3605 603 3640 rem
627 3592 822 3641 clarius
853 3593 1012 3642 velint
1043 3607 1355 3657 proponerm

292 3662 472 3716 Florus
496 3681 589 3717 lu.
607 3672 657 3717 8.
679 3670 707 3731 ς
739 3672 793 3717 6.
829 3675 885 3718 et
908 3669 1111 3720 Duker.
1134 3670 1202 3720 ad
1226 3685 1351 3721 eun-

291 3739 404 3790 dem
443 3758 521 3793 tv.
551 3749 601 3794 2.
636 3745 664 3808 ς
702 3749 782 3794 15.
838 3745 1032 3794 Passim
1058 3748 1263 3797 Cortins
1285 3749 1349 3798 ad

2370 384 2506 451 6¹75

1443 554 1558 589 runi
1596 546 1656 591 et
1690 540 2164 591 deambulationum
2202 549 2503 605 apparatus,

1444 618 1699 680 picturas,
1727 625 1942 678 statuas,
1970 629 2224 681 omneque
2247 617 2504 680 ejusmodi

1445 707 1613 743 rerum
1636 694 1864 743 studium
1887 692 1952 742 ad
1978 694 2156 745 luxum
2176 693 2402 745 arbitror
2423 710 2505 745 re-

1443 767 1695 818 ferenda:
1726 770 1892 818 Maeli.

1509 844 1742 907 Desipere
1756 845 1919 908 coepit]
1941 846 2173 910 Coepiaset
2188 847 2387 912 scripta
2401 849 2506 899 lec·

1444 920 1538 971 tio.
1588 920 1895 970 Plutarchus
1928 922 2012 971 hic
2049 924 2203 972 Corn·
2238 924 2502 989 Nepotem

1441 995 1623 1045 laudat
1642 1002 1928 1058 auctorem,
1945 996 2012 1046 de
2031 999 2200 1062 quoin
2223 1000 2503 1062 Fragmen-

1444 1074 1532 1123 tis.
1598 1073 1842 1122 Ceterum
1878 1074 1995 1136 lege
2030 1075 2259 1125 Laetoria
2293 1083 2503 1126 cantum

1444 1158 1580 1205 erat,
1614 1158 1674 1198 ut
1706 1150 1789 1213 iis,
1824 1150 1912 1214 qni
1946 1150 2129 1200 furiosi
2178 1153 2259 1202 vel
2298 1153 2505 1217 prodigi

1443 1232 1641 1289 essent,
1673 1235 1945 1276 curatores
1980 1227 2256 1279 darentur:
2293 1230 2380 1293 qui
2410 1243 2502 1280 eos

1441 1302 1487 1351 ci
1496 1304 1987 1367 rcumacripsissent,
1992 1304 2199 1368 judicio
2214 1305 2417 1368 publico
2429 1313 2507 1356 te-

1349 1417 1354 1420 .
1440 1386 1711 1429 nerentur.
1746 1379 1929 1428 Cicero
1944 1380 2012 1429 de
2041 1380 2164 1430 Nat.
2184 1382 2344 1432 Deor.
2368 1383 2503 1433 Lm.

1441 1466 1497 1506 et
1522 1455 1677 1506 Offic.
1699 1456 1791 1506 lib.
1814 1470 1907 1508 ιιι.
1969 1459 2294 1521 Capitolinus
2317 1459 2370 1508 in
2392 1458 2503 1509 An·

1442 1533 1622 1582 tonino
1647 1533 1976 1596 Philosopho.
2025 1533 2108 1583 De
2138 1534 2353 1584 Lucullo
2378 1550 2503 1599 qno·

1439 1624 1539 1674 que
1581 1611 1699 1659 vide
1743 1610 2047 1659 Tertullian.
2080 1611 2133 1659 in
2173 1609 2502 1675 Apologetic.

1438 1699 1562 1749 cap.
1581 1689 1661 1735 11.
1695 1684 1885 1735 Schott.
1922 1685 2089 1749 “Coepit
2108 1687 2292 1735 melius
2315 1701 2378 1735 ex
2394 1701 2501 1736 om·

1438 1762 1593 1810 nibus
1638 1761 1847 1824 scriptis
1885 1768 1940 1810 et
1980 1761 2134 1812 editt.
2177 1759 2501 1813 defenditur.

1439 1839 1528 1887 De
1549 1838 1664 1898 lege
1691 1838 1918 1887 Laetoria
1942 1837 2057 1887 vide
2074 1837 2345 1900 cujaeium
2369 1837 2501 1888 Oba.

1438 1927 1560 1964 xix.
1598 1918 1682 1964 88-
1732 1917 1995 1965 Doctores
2018 1913 2082 1961 ad
2106 1915 2136 1977 ς
2157 1918 2207 1962 3.
2263 1914 2396 1963 Inst-
2432 1914 2501 1965 de

1439 1990 1620 2041 Curat.
1653 1998 1709 2040 et
1737 1990 1803 2040 ad
1827 1990 1941 2039 Caii
1965 1990 2145 2039 Instit.
2166 1989 2254 2038 lib.
2278 1993 2326 2039 1.
2348 1991 2432 2040 tit.
2453 1995 2503 2039 8.

1436 2065 1613 2117 Aralz.
2472 2107 2483 2114 ,

1506 2142 1644 2191 Cae.
1670 2155 1846 2192 mxxv.
1880 2135 1960 2207 §1
1986 2141 2148 2206 Sulca]
2179 2139 2499 2204 Scribo‚non

1436 2216 1605 2282 Sylla:
1637 2219 1937 2269 auctoribus
1963 2220 2271 2282 Capitolinis
2290 2219 2501 2281 Lapidi-

1443 2293 1537 2342 bus
1581 2302 1636 2345 et
1681 2295 1826 2344 libris
1864 2295 2237 2345 membraneis:
2289 2294 2497 2345 tametsi

1439 2371 1625 2420 Cicero
1671 2371 1721 2420 in
1768 2372 1998 2422 Oratore
2041 2373 2181 2436 Sylla
2237 2372 2395 2421 scribi
2439 2382 2499 2423 et

1437 2448 1762 2509 pronuntiari
1782 2449 1916 2498 velle
1940 2447 2192 2497 videatur.
2241 2448 2321 2497 De
2343 2449 2497 2511 signi-

1433 2522 1683 2580 ficatione
1712 2525 1861 2575 Saue
1900 2526 2210 2576 Plutarchus
2243 2527 2296 2575 in
2318 2528 2497 2577 Corio·
2549 2537 2557 2548 ‘

1433 2600 1585 2650 lano:
1619 2601 1773 2651 aliter
1809 2603 1999 2651 Sextus
2032 2603 2314 2664 Pompeius
2336 2603 2497 2653 inter-

1437 2685 1694 2739 pretatur.
1752 2677 1839 2726 De
1877 2678 2030 2727 Sulla
2078 2686 2250 2727 autem
2297 2679 2495 2743 origine

1435 2752 1711 2801 Sallustius
1735 2753 1787 2801 in
1807 2752 2140 2817 Jugurtbiuo,
2156 2768 2305 2818 quem
2325 2756 2495 2805 locum

1433 2827 1565 2878 citat
1584 2828 1796 2877 Servius
1820 2829 1870 2876 in
1895 2829 2011 2877 AEn.
2029 2828 2115 2878 lib.
2139 2842 2244 2877 vn.
2276 2828 2462 2878 Schott.

1499 2903 1796 2966 lusor-tuna]
1834 2905 2033 2953 Plinius
2059 2906 2327 2956 Naturalis
2351 2906 2492 2955 Hist.

1433 2991 1537 3028 vir.
1560 2983 1645 3028 48.
1675 2979 1856 3028 ‘Unus
1878 2980 2137 3030 hominurn
2164 2980 2231 3037 ad
2267 2980 2364 3028 hoc
2393 2981 2493 3028 oevi

1430 3057 1638 3105 Foelicis
1653 3056 1750 3105 sibi
1768 3068 2056 3117 cognomen
2077 3057 2317 3116 asseruit,
2340 3056 2493 3104 Luci·

1430 3146 1490 3180 us
1530 3133 1674 3182 Sulla
1711 3132 1852 3182 civili
1897 3146 2082 3195 nempe
2127 3133 2393 3195 sanguine,
2426 3147 2489 3183 ac

1431 3208 1616 3271 patriae
1649 3208 2039 3271 oppugnatione
2071 3206 2310 3270 adeptus,
2332 3208 2492 3258 etiam

1429 3284 1738 3348 quibusdam
1773 3283 2055 3333 foelicitatis
2080 3282 2323 3332 inductus
2344 3298 2490 3345 argu·

1428 3363 1638 3424 mentis,
1658 3362 1792 3426 quod
1818 3359 2192 3426 proscribendo
2217 3367 2296 3410 tot
2327 3362 2489 3411 millia

1427 3439 1617 3488 civium
1656 3438 1922 3488 trucidare
1955 3438 2226 3500 potuisset.
2295 3438 2345 3488 O
2372 3452 2490 3501 pra·

1428 3529 1493 3562 va
1530 3507 1916 3577 interpretatio,
1949 3520 2005 3562 et
2038 3510 2218 3563 futuro
2251 3521 2487 3576 tempore

1426 3590 1678 3641 infoelixl’
1713 3598 1770 3641 et
1814 3590 1974 3641 filiuni
2021 3590 2289 3646 Faustum,
2326 3589 2488 3639 filiam

1425 3666 1666 3716 Faustam
1686 3667 1963 3716 insolenter
1978 3666 2285 3729 appellavit.
2319 3666 2487 3718 Mach-

1423 3744 1469 3792 Δ
1493 3743 1699 3801 fortuna
1734 3743 1856 3793 libri
1889 3749 2093 3791 veteres
2126 3743 2309 3791 melius
2331 3756 2486 3805 qnam

293 3819 535 3878 epistolas
557 3820 733 3870 Cicer.
755 3821 790 3868 l.
814 3824 897 3869 24.
911 3818 966 3871 ff.
985 3822 1049 3871 de
1070 3822 1206 3871 Anu.
1226 3825 1352 3887 Leg.
1420 3819 1703 3879 infortuna.
1770 3820 1972 3869 Plinius
1999 3831 2063 3868 n.
2094 3824 2178 3868 54.
2202 3824 2257 3867 et
2276 3831 2380 3867 vu.
2400 3822 2485 3869 43.

292 3893 327 3941 l.
349 3899 399 3943 7.
439 3897 470 3960 ξ
500 3902 553 3947 8.
587 3897 656 3946 de
697 3899 905 3948 Pactis:
942 3914 1056 3963 sup.
1099 3900 1165 3950 de
1198 3901 1349 3965 Orit-

289 3969 449 4022 Gent.
484 3989 604 4038 cap.
634 3979 685 4024 6.
719 3976 749 4039 §
785 3978 837 4024 6.
890 3973 997 4025 luf.
1029 3976 1080 4024 in
1116 3976 1259 4040 Epit.
1292 3983 1351 4026 et

295 4046 433 4096 alibi.
468 4049 644 4101 Arata.

353 4124 431 4186 §7
466 4125 727 4188 Signat-am
759 4131 808 4175 et
831 4126 1118 4190 tabularum]
1148 4128 1163 4155 ‘
1181 4128 1349 4184 Adeo,

1424 3896 1582 3945 Sullas
1626 3894 1897 3946 felicitatis
1952 3902 2212 3946 ostentum
2262 3891 2481 3942 fulmine

1422 3971 1600 4020 datum
1632 3979 1814 4021 auctor
1847 3978 1948 4022 cst.
2014 3970 2181 4040 Quam
2219 3966 2483 4016 temerita-

1339 4089 1348 4094 -
1423 4054 1529 4099 tem
1554 4062 1670 4097 cum
1690 4048 1915 4100 stultitia
1935 4046 2263 4106 conjunctam
2285 4040 2481 4093 refellit

1420 4125 1639 4174 Tertull.
1663 4122 1998 4186 Apologetici
2019 4135 2068 4170 c.
2091 4124 2169 4169 ll.
2193 4118 2381 4168 Schell-
2417 4118 2481 4167 la

293 4202 347 4247 ut
369 4199 571 4252 Xerxes
593 4203 827 4264 Togatus
853 4218 881 4251 a
912 4202 1187 4254 Tuberone
1208 4203 1348 4253 dice·
1408 4202 1613 4264 fortuna
1637 4208 1808 4249 tamen
1835 4210 2012 4250 omnes
2041 4194 2224 4258 scripti
2248 4201 2304 4243 et
2328 4191 2481 4254 editi,

295 4283 435 4326 retur
455 4294 471 4327 ε
507 4291 628 4331 nam
651 4278 939 4344 basilicam,
961 4285 1115 4345 atque
1138 4278 1350 4331 balneo-⁴

1421 4294 1517 4344 pto
1549 4278 1792 4345 quamdiu
1820 4275 1965 4328 felici
1998 4290 2122 4328 usus
2143 4279 2224 4326 est
2251 4271 2481 4333 fortuna,
