3025 4934
537 381 670 457 832

540 550 739 614 Caesar,
759 547 957 600 vlotore
973 545 1214 598 veheris?
1246 547 1433 598 Cicero
1450 545 1607 596 Orat.

538 626 680 677 Pbil.
710 640 776 677 n.
812 627 897 678 24.
931 631 948 656 ⁸
980 626 1283 676 vehebatur
1321 625 1374 675 iu
1419 624 1608 675 essedo

538 702 780 754 tribunus
818 700 1023 767 plebis.’
1074 702 1229 752 Orat.
1268 714 1367 766 pro
1405 702 1606 751 Milone

538 793 656 842 esp.
691 783 776 829 20.
821 781 839 808 ⁸
867 775 1001 830 Cum
1051 779 1187 829 alter
1231 779 1512 829 veheretur
1555 779 1607 829 in

539 854 700 904 rheda
718 852 1034 919 penulatusss
1101 854 1349 920 Adeoque
1371 867 1474 904 nou
1495 869 1608 904 inu·

539 931 704 982 tanda
718 930 893 982 fuerat
909 929 1173 982 verissima
1188 934 1446 997 scriptura
1465 932 1606 997 apud

540 1008 849 1070 Eutropium
878 1019 961 1060 tx.
985 1012 1064 1057 18.
1096 1012 1112 1037 ⁶
1137 1008 1201 1058 In
1234 1008 1484 1059 lecticula
1521 1023 1607 1059 ve-

539 1082 791 1134 heretur-¹
855 1085 944 1134 De
977 1099 1123 1134 more
1157 1086 1265 1147 illo,
1300 1099 1402 1151 quo
1427 1085 1608 1135 morbo

540 1162 766 1225 inpediti
798 1160 959 1212 duces
999 1162 1053 1211 in
1100 1162 1290 1211 lectica
1328 1162 1468 1210 vecti
1504 1160 1610 1210 iter

540 1237 799 1301 facerent,
829 1238 1014 1288 confer
1036 1238 1305 1306 Gebhard.
1342 1239 1406 1288 ad
1445 1240 1606 1289 Corn.

539 1316 803 1380 Nepotem
846 1313 1146 1365 Hannibale
1187 1328 1309 1381 cap.
1353 1328 1433 1366 tv.
1479 1318 1508 1381 ς
1559 1319 1609 1365 8.

538 1392 719 1443 Arata.

606 1475 636 1537 ᾧ
653 1475 686 1522 7
709 1472 1025 1523 Matrimonia
1044 1471 1294 1539 nobilium]
1324 1471 1342 1500 ‘
1361 1469 1611 1524 Nobilia'

539 1547 842 1612 Eutropius,
859 1548 998 1600 unde
1016 1551 1129 1600 brec
1143 1547 1265 1599 fere
1285 1549 1350 1598 ad
1377 1549 1613 1612 verbum,

539 1632 602 1674 ut
620 1638 779 1689 supra
799 1626 887 1675 illa
909 1626 976 1676 de
995 1625 1158 1692 Apro.
1184 1626 1365 1675 Malim
1381 1627 1612 1688 militam,

470 1754 481 1759 ὁ
539 1702 587 1751 si
625 1703 750 1753 libri
785 1711 1025 1755 auctores
1060 1703 1251 1754 fierent
1286 1718 1353 1754 ex
1390 1703 1612 1755 Aurelio

538 1780 773 1832 Victore.
791 1782 956 1846 Infra,
969 1786 1044 1833 uel
1059 1783 1454 1846 leoifatigatione
1471 1789 1613 1835 taxa·

537 1848 723 1907 uernul-
786 1858 934 1907 Idem
958 1860 1260 1924 Eutropius.
1293 1858 1478 1909 Senon.

552 1951 563 1958 ·
613 1931 1088 1998 Verbisats’gutioae]
1114 1936 1234 1985 Non
1257 1935 1419 1984 credo
1442 1936 1612 1999 ipsum

538 2006 866 2059 Juuckerum
893 2011 1209 2060 intellexisse
1236 2025 1380 2061 snam
1404 2011 1613 2075 exposi-

539 2085 759 2146 tionem,
807 2101 923 2136 cum
967 2087 1082 2137 baec
1130 2088 1208 2137 ita
1257 2095 1454 2148 vertat,
1512 2087 1614 2143 Qui

537 2173 648 2210 eam
682 2167 968 2212 tumuerunt
997 2165 1050 2213 in
1075 2165 1336 2228 auditorio,
1365 2165 1470 2214 ideo
1488 2164 1616 2229 quod

525 2236 837 2298 fatigaretur
857 2239 1112 2302 loquendo:
1144 2240 1188 2289 si
1213 2240 1373 2290 verba
1390 2254 1453 2290 ea
1468 2240 1612 2305 eapi-

543 2327 707 2375 amus,
732 2322 800 2364 nt
834 2313 1092 2379 capienda
1126 2322 1269 2375 sunt,
1301 2322 1449 2367 tanto
1471 2331 1615 2366 com·

540 2390 824 2439 mentatori
846 2390 1170 2455 dignissimus
1191 2392 1384 2443 evadet
1415 2407 1613 2451 sensus,

542 2465 589 2514 si
611 2466 767 2516 modo
791 2467 924 2517 ullus
946 2468 1101 2518 inest.
1165 2470 1360 2519 Melius
1378 2468 1615 2538 fecisset,

542 2542 608 2606 si,
649 2557 768 2614 eum
812 2543 928 2609 ipse
969 2544 1094 2595 nihil
1134 2547 1371 2602 invenire
1411 2554 1615 2612 posset,

542 2620 764 2670 aliorum
786 2620 922 2671 bene
935 2622 1161 2673 inventis
1177 2623 1617 2688 obtemperasset,

541 2698 683 2761 qnod
727 2696 858 2749 fecit
897 2700 1177 2751 bellissima
1219 2700 1415 2752 femina
1465 2699 1615 2764 [vide

542 2774 675 2824 Not.
694 2774 919 2839 Delph.]
953 2789 1021 2826 ex
1052 2777 1275 2827 Salmas.
1303 2778 1371 2827 ad
1399 2778 1617 2843 Vopisc-

543 2850 736 2900 Carino
771 2852 938 2903 initio.
1002 2852 1158 2904 Adde
1189 2854 1508 2904 Savaronem
1546 2852 1613 2903 ad

543 2925 726 2978 Sidon.
762 2928 939 2993 Epist.
977 2942 1018 2978 ι.
1054 2934 1103 2996 8.
1146 2938 1204 2980 et
1243 2930 1489 2980 carolum
1528 2931 1613 2980 Du

499 3015 503 3019 ·
541 3003 740 3055 Fresne
782 3005 835 3054 iu
880 3005 1056 3056 Gloss.
1097 3005 1248 3058 Med.
1295 3005 1470 3056 Latin.
1514 3006 1615 3057 hae

542 3093 690 3131 voce.
726 3081 905 3132 Aruez.

611 3158 939 3223 Taxaoenmt]
956 3157 1026 3209 Et
1041 3160 1153 3211 baec
1167 3160 1328 3210 habet
1340 3161 1459 3210 loco
1473 3158 1614 3209 laud.

542 3232 866 3286 Salmasius:
926 3251 1081 3303 supra
1126 3252 1222 3302 pro
1262 3235 1317 3287 iu
1357 3237 1616 3306 auditorio»

539 3308 596 3360 in
626 3311 866 3372 odjum-io
897 3315 1186 3379 corrumpit
1218 3321 1438 3379 uterque
1464 3313 1616 3363 Leid.

542 3389 724 3440 Athe
1305 3395 1319 3419 Ι

609 3468 750 3519 Car.
787 3480 1004 3518 xxxix.
1062 3470 1091 3534 ς
1127 3474 1154 3518 1
1190 3468 1395 3519 Audiui
1423 3474 1617 3520 senato-

541 3542 642 3607 ris]
687 3543 896 3594 similini
941 3545 1062 3594 libri
1104 3546 1322 3610 aliquot.
1405 3545 1617 3596 Mentio

542 3618 761 3689 Anauni
798 3621 1069 3684 cujusdam
1125 3635 1284 3685 supra
1317 3634 1436 3684 cap.
1471 3625 1555 3671 20.
1587 3622 1616 3686 ξ

543 3700 595 3745 6.
626 3708 743 3745 cum
766 3696 1034 3746 Laterano
1057 3697 1242 3747 Cilone
1267 3705 1322 3746 et
1346 3698 1534 3760 Basso,
1557 3705 1618 3747 ut

542 3772 683 3838 Imp.
717 3775 904 3824 Severi
938 3766 1261 3825 amicissimi.'
1314 3776 1445 3825 Mox
1473 3775 1617 3824 liber-

541 3857 624 3902 tus
663 3862 747 3904 est
785 3855 837 3903 in
862 3854 1058 3905 Veron.
1098 3861 1156 3904 et
1197 3856 1464 3905 Char-nasio
1496 3870 1615 3904 cum

542 3930 750 3993 spiritu,
794 3939 855 3981 ut
897 3939 954 3981 et
992 3932 1047 3981 in
1085 3932 1218 3983 Mss.
1263 3932 1452 3998 quibus
1493 3946 1616 3983 usus

541 4015 673 4063 sum,
696 4008 951 4058 omnibus.
989 4008 1180 4058 Schott.
1394 4073 1397 4076 Ι

610 4084 640 4147 ξ
665 4086 696 4133 3
722 4083 994 4134 ΰὴανατιεὶο
1009 4085 1064 4133 in
1079 4084 1285 4148 Galliis]
1309 4082 1468 4149 Apud
1487 4084 1617 4134 alios

543 4170 725 4211 rectus·
745 4169 828 4213 est
863 4163 1217 4214 ‘carausius.'
1258 4165 1418 4214 Viuet.
1484 4165 1616 4215 Cum

543 4236 903 4301 adspiratione
930 4238 1089 4289 etiam
1127 4240 1293 4288 nostri
1316 4253 1470 4289 manu
1493 4255 1618 4290 exa·

546 4313 669 4365 rati.
730 4313 835 4365 Sed
859 4314 1013 4365 aliter
1046 4320 1104 4365 et
1125 4315 1336 4381 quidem
1361 4325 1510 4370 recto
1532 4332 1619 4370 ca·

1230 403 1446 454 ⁸01·AE
1494 393 1912 455 ‘vammum
1941 403 2044 457 ἸΝ

1683 557 1743 596 su
1766 550 2081 601 terminante
2104 550 2155 601 in
2187 565 2246 601 as
2281 550 2517 601 scribunt
2531 549 2732 602 nummii

1681 624 1819 674 Vide
1841 625 2104 690 Begerum
2129 628 2280 677 Thes.
2303 628 2505 678 Brand.
2537 636 2654 676 tom.
2673 639 2733 677 ιι.

1683 715 1738 765 p.
1769 704 1889 751 783.
1923 711 1979 753 et
2011 704 2378 768 spanhemium
2411 705 2479 753 de
2500 704 2607 753 Usu
2631 703 2734 753 Nu·

1682 780 1850 828 mism.
1874 780 2111 833 disssxt.
2134 797 2187 847 p.
2211 786 2329 832 265.
2362 780 2540 831 Arutz.

1748 855 2008 922 Instituta]
2035 858 2170 922 'Legi
2209 858 2369 907 etiam
2403 858 2565 918 possit
2583 857 2738 917 insita,

1684 933 1730 983 si
1753 935 1872 984 libri
1896 936 2029 984 Mss.
2050 935 2314 985 faverent.
2382 925 2570 985 Cicero
2595 936 2734 984 Cato·

1682 1021 1752 1060 ne
1796 1011 1934 1061 dixit
1971 1012 2184 1062 dimensa
2222 1018 2366 1075 atque
2398 1013 2653 1074 descripta,
2680 1010 2740 1059 de

1683 1086 1980 1144 arboribus,
1999 1090 2139 1153 qnod
2163 1105 2192 1137 e
2217 1088 2583 1152 Xenophontis
2597 1084 2741 1136 OEeoss

1683 1165 1891 1213 numito
1928 1163 2381 1230 καταμπρήσαντός
2414 1182 2495 1214 σοι
2533 1162 2612 1213 καὶ
2652 1165 2742 1212 δια-

1681 1238 1915 1301 τάξοντος
1951 1257 2256 1291 conversum
2292 1250 2536 1305 apparet.
2571 1240 2745 1288 Schott.

1687 1318 1795 1369 Cur
1818 1329 1873 1368 et
1897 1320 2016 1370 huic
2036 1320 2249 1374 lectioni
2266 1320 2443 1369 dicam
2462 1319 2660 1367 scribat
2678 1316 2745 1364 vir

1685 1396 2032 1462 doctissimus,
2054 1399 2193 1448 nulla
2216 1404 2299 1448 est
2320 1398 2475 1446 ratio.
2544 1394 2742 1444 Etenim'

1684 1474 1836 1524 insita
1880 1476 2091 1539 proprie
2128 1476 2324 1525 dicitur
2361 1473 2429 1523 de
2464 1471 2744 1532 arboribus,

1685 1550 1729 1601 si
1768 1550 1971 1602 felicius
2007 1551 2267 1602 fructuum
2303 1566 2467 1616 genus
2504 1549 2747 1598 deteriori

1687 1635 1873 1678 trunco
1897 1629 2216 1693 applicetur,
2244 1627 2309 1676 de
2330 1641 2433 1691 qua
2465 1640 2521 1675 re
2558 1624 2746 1674 Plinius

1689 1704 1833 1755 Hist.
1859 1706 1984 1755 Nat.
2010 1718 2159 1755 xvn.
2183 1707 2265 1754 14.
2291 1708 2373 1753 15.
2396 1709 2449 1750 et
2472 1705 2558 1751 18.
2593 1707 2649 1749 et
2671 1698 2746 1749 alii

1687 1795 1804 1836 eum
1843 1781 2199 1831 Emmenessio
2236 1778 2301 1829 ad
2340 1779 2532 1843 Virgil.
2567 1778 2680 1838 Ecl,
2716 1790 2747 1824 ι.

1688 1860 1770 1906 74.
1856 1855 1931 1907 At
1975 1872 2095 1922 ego,
2138 1856 2376 1922 quamvis
2421 1855 2750 1918 parcissimus

1688 1929 1784 1982 sim
1815 1934 2078 1984 hortorum
2112 1935 2303 1997 cultor,
2325 1932 2452 1982 illud
2478 1941 2658 1982 tamen
2682 1932 2752 1978 in-

1688 2010 1890 2073 telligo,
1933 2011 2067 2060 tales
2118 2009 2388 2060 insitiones
2435 2008 2488 2057 in
2532 2007 2751 2058 oleribus

1688 2100 1791 2136 nou
1815 2088 2120 2151 procedere.
2168 2087 2275 2137 Sed
2300 2085 2635 2136 ‘instituere’
2660 2098 2751 2133 vox

1689 2168 1772 2213 est
1792 2163 1858 2214 de
1881 2178 1963 2223 eo,
2000 2165 2090 2229 qui
2123 2161 2389 2213 frumenta
2402 2162 2555 2226 justo
2580 2159 2753 2209 urdine

1690 2240 1837 2296 serit,
1874 2248 1931 2290 et
1969 2241 2180 2291 arbores
2218 2239 2416 2304 dirigit.
2482 2238 2656 2287 Varro
2692 2234 2754 2283 de

1690 2316 1770 2366 Re
1814 2316 1963 2365 Rust.
2003 2330 2045 2366 ι.
2086 2320 2172 2366 27.
2210 2314 2330 2366 ‘Ad
2368 2315 2471 2365 alia
2507 2313 2753 2363 arandum

1689 2399 1781 2444 aut
1825 2392 2152 2456 fodiendum,
2191 2399 2251 2443 ut
2285 2393 2330 2442 si
2365 2397 2580 2455 segetes
2617 2390 2754 2439 insti·

1690 2468 1846 2520 tuas-⁹
1910 2470 2098 2521 Cicero
2139 2469 2294 2520 Orat.
2337 2467 2534 2533 Agrar.
2579 2473 2756 2517 contra

1689 2547 1897 2597 Rullum
1919 2560 1985 2597 11.
2006 2551 2091 2598 25.
2125 2554 2140 2576 ·
2156 2546 2193 2599 J
2199 2560 2360 2611 ugera
2378 2559 2461 2595 cc.
2490 2545 2548 2595 in
2580 2544 2757 2610 quibus

1688 2624 1936 2675 olivetum
1960 2624 2073 2674 fieri
2098 2632 2296 2689 potest,
2312 2624 2506 2688 jugera·
2525 2635 2646 2672 ccc,
2677 2619 2757 2670 ubi

1688 2700 1891 2751 institui
1921 2702 2087 2751 vineae
2109 2699 2358 2764 possunt-²
2409 2699 2689 2750 Suetonius
2707 2698 2756 2745 in

1690 2776 1863 2826 Galba
1884 2791 1932 2826 c.
1957 2780 2005 2827 1.
2041 2784 2055 2806 ¹
2078 2776 2429 2826 Observatum
2453 2783 2537 2825 est
2557 2776 2656 2825 sub
2678 2787 2755 2819 cu·

1678 2847 1871 2920 jus'que
1903 2856 2122 2919 obitum,
2151 2855 2390 2905 arborem
2428 2856 2495 2902 ab
2532 2854 2648 2917 ipso
2684 2851 2754 2898 in-

1689 2931 1926 2980 stitutam
1950 2929 2279 2995 elanguisse-²
2336 2928 2487 2979 Idem
2516 2928 2587 2978 de
2612 2929 2756 2978 Illus-

1691 3009 1858 3060 tribns
1875 3008 2243 3059 Grammaticis
2261 3021 2309 3058 c.
2330 3011 2413 3057 23.
2427 3010 2457 3072 §
2476 3014 2527 3057 6.
2559 3009 2576 3036 ⁸
2598 3006 2755 3070 Agros

1687 3085 1821 3135 adeo
1841 3087 2059 3145 coleret,
2082 3092 2139 3133 ut
2171 3084 2327 3134 ritem
2359 3098 2512 3132 manu
2546 3083 2663 3147 ejus
2688 3083 2755 3129 in·

1688 3162 1931 3212 stitutum
1967 3163 2093 3211 satis
2116 3168 2322 3211 constet
2347 3166 2592 3209 trecenta
2616 3171 2757 3206 sexa-

1690 3240 2086 3305 gintaquinqne
2112 3251 2233 3287 vasa
2254 3236 2483 3287 edidisse
2500 3236 2534 3286 :’
2555 3237 2632 3285 sic
2655 3234 2672 3261 ‘
2685 3235 2756 3283 in·

1689 3314 1945 3365 stitnendi
1970 3315 2143 3364 salicti
2174 3327 2358 3363 caussa
2377 3315 2394 3339 ’
2424 3320 2510 3361 est
2535 3312 2589 3360 in
2614 3312 2647 3360 l.
2669 3310 2755 3372 3.§

1690 3390 1810 3442 aff.
1827 3391 1957 3441 Arb.
1982 3391 2108 3442 furt.
2127 3405 2252 3440 caes.
2304 3389 2481 3452 Junge
2496 3389 2576 3437 bis
2592 3387 2757 3437 multi·

1691 3470 1842 3533 plicis
1882 3468 2192 3519 eruditionis
2229 3466 2617 3517 Gotbofredum
2640 3463 2757 3514 adl.

1687 3550 1773 3596 61.
1797 3559 1877 3610 pr.
1900 3543 1957 3594 ff.
1974 3545 2100 3595 Loe.
2123 3543 2293 3595 Cond.
2324 3542 2503 3594 Arutz.

1757 3626 1784 3688 ς
1820 3627 1853 3674 7
1892 3623 2143 3673 Communi
2165 3622 2355 3687 habitu]
2390 3622 2497 3671 Pro
2515 3622 2758 3686 privatus,

1693 3708 1752 3751 nt
1776 3700 1844 3749 ad
1868 3699 2143 3754 Victorem
2168 3698 2361 3750 monui.
2438 3696 2756 3747 Voluntas-iam

1692 3778 1940 3846 scriptus.
1962 3778 2093 3827 liber
2126 3784 2182 3826 et
2206 3776 2544 3826 Veronensis.
2577 3773 2755 3824 Sotion.

1693 3856 1836 3908 Quid
1874 3855 2045 3904 ‘mors
2065 3853 2081 3877 '
2112 3855 2181 3904 sit
2215 3854 2232 3881 ‘
2253 3851 2571 3903 voluntaria'
2605 3862 2755 3912 expo·

1691 3934 1880 3982 sitione
1919 3946 2024 3980 non
2068 3938 2210 3995 eget.
2278 3930 2467 3981 Cicero
2503 3929 2568 3977 de
2596 3924 2755 3977 Claris

1695 4010 1850 4060 Orat.
1878 4022 1928 4058 c.
1951 4012 2039 4058 27.
2082 4015 2098 4037 ‘
2121 4008 2302 4058 Morte
2324 4003 2621 4055 voluntaria
2654 4016 2707 4050 se
2727 4014 2755 4047 a

1694 4088 1982 4138 severitate
2013 4086 2253 4152 judicum
2278 4082 2595 4134 vindicavit.'
2649 4079 2756 4128 Val.

1693 4164 1960 4214 Maximus
1987 4178 2077 4213 ιιι.
2101 4170 2149 4213 6.
2172 4176 2257 4215 ex.
2274 4167 2321 4211 1.
2345 4165 2361 4190 ‘
2377 4163 2509 4211 Cum
2532 4160 2579 4209 ei
2598 4162 2753 4207 morte

1694 4241 1991 4292 voluntaria
2015 4239 2217 4290 absumi
2240 4238 2404 4290 satius
2428 4234 2624 4287 fuerit.'
2654 4230 2753 4281 Ad-

1694 4317 1764 4369 de
1802 4330 1933 4370 vm.
1965 4321 2016 4369 9.
2049 4331 2136 4369 ex.
2171 4319 2362 4384 exn-3.
2397 4324 2454 4368 et
2479 4328 2554 4365 rx.
2579 4314 2657 4362 11.
2677 4322 2753 4359 ex·
