3025 4934
516 370 653 438 820
955 384 965 391 ⁹
1214 383 1437 434 now
1474 382 1899 439 ‘vammum
1948 383 2033 434 m

519 528 737 590 dictura,
758 528 849 594 qni
883 527 951 579 ad
976 526 1153 579 omnia
1172 527 1375 579 scelera
1395 540 1592 593 pronas

521 612 656 656 erat.
720 604 861 655 Vide
883 603 1156 655 Bartlrium
1182 604 1404 655 Advers.
1426 616 1594 655 xxv!-

520 685 608 732 26.
674 681 831 745 Legit
874 689 1048 731 tamen
1097 680 1246 731 Laid.
1282 684 1334 731 2.
1384 680 1594 730 omniun

520 760 883 824 turpissimam·-
905 771 1023 823 qua
1038 757 1081 809 si
1099 759 1363 821 scriptura
1381 758 1594 819 placue-

521 835 614 897 rit,
635 833 922 885 defendere
954 848 1014 884 ae
1044 840 1223 898 potest
1250 831 1594 885 Quinctiliani

519 913 828 963 testimonio
865 912 1020 963 Deci.
1050 925 1120 962 ιι.
1160 916 1211 961 1.
1243 911 1261 939 ⁶
1284 910 1458 960 Homo
1483 924 1594 960 om·

519 991 682 1049 nium,
716 1005 848 1057 quos
887 1004 1132 1057 umquam
1165 990 1381 1040 miseros
1415 986 1594 1038 fecere

523 1070 767 1134 virtutes,
819 1065 1315 1119 innocentissimus-⁹
1391 1064 1594 1131 Appul.

520 1144 747 1195 Metam.
785 1158 880 1194 ιιι.
913 1160 967 1207 ρ.
1008 1147 1124 1194 1⁸5.
1152 1145 1170 1172 ⁸
1195 1142 1442 1193 Omnium
1478 1142 1594 1207 qui-

521 1220 640 1272 dem
658 1223 996 1286 nequissimus
1017 1221 1494 1285 audacissimusque
1516 1219 1594 1270 lo·

521 1312 610 1348 rus
638 1296 778 1348 tort?
840 1298 972 1348 Mox
995 1299 1025 1362 §
1045 1302 1095 1348 5.
1126 1303 1144 1327 ‘
1169 1296 1591 1348 bellicosissimus

521 1372 794 1436 omnium,'
821 1386 939 1423 cum
972 1374 1036 1422 iis
1059 1388 1177 1439 quoe
1204 1386 1365 1437 supra
1385 1373 1452 1422 ad
1473 1371 1592 1423 Vir·

519 1450 696 1501 Illust.
730 1464 786 1501 ε.
820 1455 905 1501 69.
933 1450 1077 1501 dicta
1111 1457 1249 1499 sunt.
1313 1449 1422 1499 Sed
1452 1455 1594 1499 vete·

520 1542 632 1578 rem
672 1527 970 1579 ·lsctionem
1026 1528 1181 1590 louge
1240 1524 1591 1591 preferimus.

521 1604 746 1654 Plautus
788 1604 984 1654 Pseud.
1030 1616 1112 1651 tv.
1155 1607 1207 1651 ’1.
1247 1606 1333 1652 99.
1378 1601 1591 1653 ‘Quem

520 1695 622 1743 ego
663 1681 926 1732 bominem
971 1681 1159 1730 nullius
1199 1679 1388 1730 coloris
1431 1677 1591 1729 novi-⁹

520 1760 538 1787 ‘
564 1758 843 1808 Hominem
888 1757 1094 1808 maximi
1134 1757 1369 1819 corporis
1394 1755 1409 1778 ’
1455 1756 1594 1807 dixit

519 1837 705 1901 Nepos
730 1837 784 1886 in
818 1838 1046 1886 Datame
1069 1850 1190 1897 cap.
1220 1839 1271 1884 3.
1302 1842 1361 1884 et
1386 1841 1416 1900 f
1439 1835 1592 1883 homo

518 1914 748 1963 minime
781 1913 1012 1963 fortunae
1039 1912 1056 1934 ’
1076 1919 1160 1962 est
1191 1912 1331 1976 apud
1357 1911 1589 1976 Symma-

520 1991 674 2041 chum
701 1991 870 2052 Epist.
899 2002 955 2039 x.
981 1993 1063 2038 16.
1089 1990 1263 2039 Aratt-

594 2063 808 2128 Vollsm]
842 2066 1006 2116 Modo
1042 2080 1202 2128 supra
1236 2063 1426 2127 prisca!
1465 2063 1588 2115 edd.

520 2144 876 2208 agnoscebant
884 2143 1022 2211 filios
1042 2157 1153 2192 suos
1171 2156 1460 2191 successores
1480 2157 1590 2192 suos

515 2224 607 2270 rel.
638 2221 733 2270 sed
757 2221 873 2270 talis
897 2220 1100 2269 inutilis
1123 2234 1307 2268 vocum
1339 2218 1590 2282 repetitio

444 2308 451 2313 ·
521 2305 580 2346 et
600 2296 922 2348 abnndantia
945 2298 996 2345 iu
1016 2296 1286 2351 historico,
1310 2295 1500 2344 nedum
1536 2296 1588 2344 in

523 2373 786 2436 epitomes
840 2372 1122 2436 scriptore,
1174 2371 1448 2420 toleranda
1483 2385 1589 2420 nnn

521 2455 621 2500 est.
687 2450 886 2500 Merito
909 2462 1038 2514 ergo
1062 2449 1271 2499 exsulat
1302 2462 1334 2496 a
1355 2447 1589 2512 scriptis.

521 2526 701 2577 Arate.

593 2603 696 2654 Per
717 2596 932 2665 ἔτις’-ἕπει
962 2600 1079 2664 das]
1113 2602 1199 2650 Ex
1230 2599 1475 2662 Eutropii
1496 2599 1590 2649 lib.

522 2692 651 2728 vm.
684 2688 744 2729 ut
779 2681 1048 2744 pleraque.
1122 2677 1376 2726 Mendum
1417 2660 1592 2726 adbuc

518 2755 718 2805 buret
703 2770 756 2805 ιιι
776 2755 984 2813 Orosio,
997 2755 1157 2805 etiarn
1170 2763 1234 2804 eo
1246 2768 1400 2819 quem
1425 2753 1590 2803 Fran-

520 2832 690 2882 ciscus
730 2831 1005 2882 Fabricius
1036 2832 1118 2881 vir
1151 2830 1476 2879 doctissimus
1507 2842 1591 2877 re-

522 2910 756 2960 censuit:
790 2909 986 2973 legitur
1006 2908 1144 2958 enim
1178 2913 1194 2937 ‘
1217 2920 1314 2970 per
1336 2917 1592 2955 cxxxru.

520 3000 661 3048 pass.
697 2984 783 3036 ιι.’
853 2985 1205 3036 centenarius
1229 2983 1488 3032 redundat
1522 2995 1590 3031 ex

520 3063 719 3128 Dione,
765 3071 823 3113 et
854 3063 1168 3128 Spartiano:
1211 3074 1430 3125 quornm
1486 3060 1590 3117 bic,

521 3140 682 3190 etiam
707 3139 1015 3203 Adrianum,
1033 3140 1085 3189 in
1107 3140 1216 3189 vita
1233 3139 1368 3189 illius
1388 3137 1590 3194 scribit,

522 3217 744 3279 primum
766 3217 821 3266 in
845 3216 1141 3278 Britannia,
1157 3222 1401 3265 correcta
1434 3213 1589 3262 disci·

521 3293 686 3356 plina,
743 3307 946 3341 murum
980 3305 1078 3355 per
1115 3291 1390 3355 octoginta
1426 3289 1590 3339 millia

522 3380 768 3430 passuum
790 3367 1021 3416 duxisse.
1053 3365 1242 3415 Schott.

585 3446 614 3508 ς
652 3448 683 3491 5
724 3443 953 3509 Iaflnem
971 3441 1300 3508 perseuerans]
1340 3440 1589 3491 Allndere

522 3519 589 3569 ad
613 3534 799 3569 nornen
838 3521 1066 3577 videtur,
1102 3533 1201 3569 nec
1237 3519 1374 3569 enim
1409 3519 1589 3568 Severi

519 3598 729 3648 nomine
752 3604 1053 3659 contentus,
1100 3596 1399 3646 Pertinacis
1438 3595 1589 3646 addi-

523 3675 641 3724 dit:
679 3675 798 3725 vide
838 3675 1194 3739 spartianum.
1259 3674 1390 3724 Post
1423 3674 1478 3723 in
1518 3674 1591 3723 A·

519 3753 704 3801 nulline>
727 3752 937 3802 lambda
965 3751 1256 3815 geminatur
1283 3751 1336 3800 in
1367 3750 1496 3803 Mss.
1535 3740 1627 3800 et‘

522 3827 838 3877 Veronensi.
885 3825 1037 3878 Infra
1055 3834 1228 3876 tamen
1253 3826 1591 3877 Diocletiano

520 3908 538 3932 ‘
556 3901 848 3953 Anulinus’
880 3911 994 3954 est:
1030 3904 1120 3953 ubi
1150 3904 1306 3967 vulgo
1328 3902 1590 3952 Amitinu-

519 3977 728 4031 Scb'otti
793 3979 1031 4030 Amitinum
1076 3980 1161 4030 bic
1191 3992 1400 4045 quoque
1439 3980 1590 4039 editi,

522 4055 614 4103 sed
635 4055 919 4106 Analliuum
940 4070 1037 4121 per
1057 4055 1376 4119 duplicatum
1393 4057 1426 4105 1.
1449 4058 1589 4107 solus

523 4129 674 4181 Leid.
699 4137 746 4183 1.
764 4146 884 4181 mox
907 4132 1045 4181 idem
1079 4130 1198 4181 cod.
1221 4131 1498 4181 inclinasset
1520 4145 1592 4195 se,

523 4210 661 4271 quod
687 4209 770 4259 vel
793 4207 992 4260 factum
1016 4221 1084 4257 ex
1125 4206 1444 4271 repetitione
1466 4207 1589 4257 ulti·

508 4297 625 4334 mae
647 4284 880 4348 syllabas,
917 4284 1001 4335 vel
1040 4283 1288 4351 quianon
1327 4276 1589 4349 cogitaret

1665 525 1766 578 boc
1789 525 2005 578 verbnm
2034 525 2345 593 simpliciter
2367 526 2444 578 ita
2480 526 2604 591 poni
2624 528 2717 578 uoti

1666 601 1887 667 addito,‘
1900 603 1995 668 ac,'
2012 609 2030 634 ‘
2042 604 2307 669 animnm‚'
2330 607 2348 635 ‘
2362 605 2626 666 mentem‚’
2646 608 2718 656 vel

1664 680 1840 731 simili.
1906 681 2098 732 Cicero
2120 681 2188 731 de
2209 682 2363 732 Orat.
2386 694 2453 732 ιι.
2477 686 2563 732 44.
2594 682 2610 709 ‘
2625 682 2719 731 Sua

1666 764 1878 821 sponte,
1897 773 2005 826 quo
2025 759 2330 824 inpellinus,
2353 759 2643 809 inclinant!
2661 758 2723 808 ds

1664 836 1955 888 Senectute
2010 851 2128 899 cap.
2159 840 2222 893 ,6.
2255 838 2273 866 ‘
2296 836 2429 887 Cum
2470 836 2724 885 sententis

1664 919 1881 966 senatus
1922 915 2199 965 inclinaret
2240 913 2306 963 ad
2344 912 2575 976 pacem.'
2601 912 2725 963 Ara·

1665 995 1789 1041 tzers-

1730 1068 1759 1131 §
1789 1071 1824 1118 6
1855 1067 2166 1118 Lateranum
2186 1066 2436 1116 Chaonem
2465 1060 2729 1117 Anium

1665 1142 1900 1207 Rama]
1935 1144 2042 1194 Hic
2064 1145 2139 1194 sic
2164 1144 2439 1207 legendum
2475 1149 2534 1192 et
2555 1143 2730 1192 distin·

1666 1222 1924 1284 guendum
1960 1236 2183 1274 censeo:
2239 1221 2559 1280 Lateranum,
2606 1219 2729 1268 cil·-

1663 1311 1792 1354 aeat,
1831 1297 2118 1360 Ametinum,
2160 1298 2391 1347 Bassam.
2475 1297 2495 1325 ‘
2519 1297 2727 1345 Lasera-

1666 1387 1789 1423 num
1808 1371 1824 1396 '
1881 1373 2225 1424 Cassiodorus
2270 1372 2543 1427 consulem
2587 1370 2727 1437 facit,

1664 1449 1853 1500 Rufino
1876 1452 2095 1515 collega.
2122 1451 2220 1501 sub
2239 1450 2576 1515 Imperatore
2600 1451 2726 1514 Sep-

1663 1526 1814 1576 timio
1831 1526 2060 1578 Severoz
2096 1528 2185 1591 qul
2207 1536 2268 1577 ut
2291 1527 2553 1590 suspicor,
2579 1526 2725 1575 trium

1664 1603 1983 1667 syliabarum
2009 1611 2092 1653 est
2117 1600 2444 1666 ‘Latet-nus,’
2475 1601 2619 1666 apud
2643 1603 2730 1652 Dii

1666 1693 1835 1730 onem.
1912 1681 2137 1730 chilones
2188 1687 2246 1730 et
2289 1678 2483 1730 cilones
2526 1687 2727 1729 veteres

1665 1757 1841 1807 Latini
1884 1756 2203 1819 babuerunt,
2236 1755 2437 1806 Garisio
2480 1763 2539 1805 et
2577 1756 2727 1806 Festo

1662 1834 1998 1884 auctoribus=
2049 1834 2144 1883 sed
2185 1846 2339 1899 quem
2383 1846 2505 1883 cnm
2548 1832 2728 1896 spiritu

1667 1913 1914 1963 Chilonem
1945 1911 2031 1963 bic
2058 1915 2365 1975 impressum
2400 1912 2643 1974 legimus,
2674 1916 2728 1961 et

1663 1988 1804 2038 inter
1825 1990 2063 2038 consules
2087 1987 2400 2049 cassiodori,
2421 1993 2478 2036 et
2506 1988 2559 2036 in
2583 1988 2727 2037 Com·

1662 2066 1817 2116 modo
1853 2065 2155 2130 Lampridii,
2178 2074 2233 2116 et
2256 2064 2554 2115 Carracalla
2578 2064 2729 2128 Spar·

1662 2143 1810 2206 tiani,
1838 2149 1991 2193 vetus
2015 2143 2150 2193 liber
2180 2141 2370 2192 scribit
2386 2143 2498 2191 sine
2521 2142 2729 2205 spiritu,

1663 2225 1719 2268 et
1752 2217 1827 2268 its
1857 2218 2019 2268 babet
2050 2219 2360 2283 impressum
2384 2217 2729 2268 Censorinus:

1664 2295 1922 2360 quomodo
1944 2304 1998 2344 et
2024 2295 2162 2360 apud
2187 2295 2407 2344 Dionem
2437 2295 2732 2357 appellatur

1666 2369 1844 2423 Χίλων.
1895 2372 2101 2423 Annaliun·
2122 2372 2431 2421 vocabulum
2455 2372 2600 2421 varie
2624 2386 2730 2422 cor·

1666 2457 1878 2514 ruptum
1917 2450 2158 2512 reperiri,
2191 2448 2483 2498 monuimus
2530 2448 2585 2496 in
2628 2449 2729 2499 Eu·

1666 2525 1826 2589 tropii
1862 2526 2255 2576 commentario.
2323 2523 2476 2573 Bassi
2506 2522 2729 2589 deniqne

1666 2616 1783 2652 cum
1808 2601 2075 2652 Gentiano
2097 2599 2338 2655 consulis,
2360 2613 2462 2663 quo
2485 2614 2623 2650 anno
2643 2599 2731 2649 de·

1666 2679 1824 2728 cessit
1878 2678 2099 2728 Severus
2154 2674 2443 2739 Augustus,
2498 2677 2732 2727 meminit

1666 2754 2037 2805 Cassiodorus:
2072 2760 2129 2803 et
2168 2753 2315 2801 Bassi
2337 2750 2577 2816 praefecti
2600 2752 2730 2802 Urbi

1663 2831 1974 2894 Spartianus
2013 2830 2068 2879 in
2117 2829 2333 2879 Severo·
2372 2828 2535 2879 Vinet.
2605 2831 2734 2879 cito·

1663 2922 1771 2958 aem
1807 2917 1991 2957 contra
2021 2907 2190 2957 editos
2226 2919 2404 2957 omnes
2438 2907 2575 2956 Mss.
2595 2906 2732 2972 quod

1664 2985 1764 3034 viri
1806 2983 1964 3034 etiam
2009 2982 2202 3034 eruditi
2243 2984 2636 3046 amplectuntur
2672 2985 2733 3033 li-

1664 3062 1893 3112 bentius.
1973 3059 2170 3112 Confer
2225 3062 2421 3125 Dansq.
2481 3060 2732 3124 Ortbogr.

1665 3146 1800 3207 part.
1822 3152 1885 3189 11.
1912 3153 1963 3202 p.
1986 3141 2069 3189 81.
2090 3146 2146 3187 et
2168 3138 2336 3187 virum
2358 3138 2731 3200 dignissimum,

1663 3215 1748 3265 cui
1785 3215 1991 3278 longior
2017 3215 2125 3264 vita
2146 3213 2474 3278 contigisset,
2497 3213 2731 3263 Cortium

1664 3293 1729 3340 ad
1754 3290 2063 3342 Orationem
2085 3291 2139 3340 in
2160 3290 2461 3339 Sallustium
2485 3305 2536 3339 c.
2560 3295 2613 3339 6.
2667 3276 2739 3340 In·

1663 3370 2005 3419 marmoribus
2048 3367 2272 3433 antiquis
2314 3375 2541 3430 utroque
2581 3368 2732 3417 modo

1664 3446 1911 3506 occurrit,
1932 3445 2025 3494 sed
2049 3444 2140 3494 illa
2161 3457 2304 3507 saepe
2326 3443 2394 3492 ab
2418 3443 2734 3506 ignorantis-

1663 3522 1806 3572 simis
1829 3521 2093 3588 erroribus
2128 3520 2328 3573 absolvi
2364 3532 2466 3568 non
2501 3525 2733 3582 possunt.

1663 3600 1922 3663 Exempla
1940 3600 2007 3649 de
2025 3600 2122 3649 hac
2138 3612 2268 3647 voce
2285 3603 2409 3646 sunt
2431 3597 2572 3660 apud
2597 3597 2733 3648 Gru·

1666 3686 1767 3728 ter.
1804 3676 2015 3741 passim,
2038 3682 2097 3725 et
2132 3672 2366 3724 ostendit
2399 3672 2734 3737 diligentissi-

1662 3768 1775 3803 mus
1809 3753 2005 3804 Petrus
2033 3749 2301 3802 Relandus
2335 3749 2484 3799 Fast.
2519 3750 2735 3801 Consul.

1663 3845 1716 3895 p.
1741 3834 1854 3880 1⁰4.
1883 3828 1983 3879 διο.
2049 3827 2275 3876 Diversa
2311 3832 2491 3875 tamen
2526 3827 2738 3876 nomina

1664 3920 1782 3957 esse
1808 3906 1916 3956 Cilo
1937 3912 1995 3957 et
2019 3905 2177 3968 Chilo,
2205 3900 2527 3955 credendum
2565 3918 2734 3967 gram·

1663 3980 1890 4031 maticis.
1934 3979 2079 4030 Festi
2100 3980 2272 4028 locum
2295 3978 2589 4027 attulerant
2612 3978 2731 4042 Lip-

1664 4057 1771 4106 sius
1796 4056 1864 4106 ad
1884 4055 2058 4105 Tacit.
2083 4053 2276 4104 Annal.
2303 4066 2411 4103 ιιι.
2430 4057 2516 4103 21.
2549 4054 2734 4103 Mens-

1665 4133 1779 4197 gins
1802 4133 1866 4182 ad
1890 4132 2180 4198 Diogenem
2212 4129 2481 4181 Laertium
2507 4144 2546 4180 ι.
2568 4135 2652 4181 68.
2677 4138 2734 4180 et

1665 4209 1882 4260 Colerus
1905 4209 1972 4261 ad
1987 4210 2102 4263 Val-
2122 4207 2409 4260 Maximum
2433 4220 2519 4257 rx.
2545 4211 2624 4260 11.
2647 4221 2732 4257 ex.

1663 4289 1714 4338 4.
1746 4285 1920 4339 Arate.
