3025 4934
470 382 604 449 490

472 539 541 594 ei,
565 537 844 601 placetque
860 537 1060 600 plenior
1075 552 1136 589 ea
1154 539 1331 591 lectio.
1349 538 1539 589 Scitote.

540 616 704 666 Numa
725 615 1018 679 Pompilius]
1053 614 1160 666 Qui
1199 615 1357 665 Numa
1390 616 1536 665 Pom·

466 692 641 755 pallias
673 692 830 741 etiam
865 691 1248 754 appellabatur,
1287 705 1405 756 qum
1436 706 1540 741 vox

476 770 531 827 in
556 769 739 826 Festo,
761 783 878 819 cum
903 768 970 819 de
992 769 1176 833 opimis
1198 769 1380 831 spoliis
1414 769 1543 834 agit,

478 853 731 907 corrupta
785 851 867 895 est
938 845 991 895 in
1045 846 1272 909 compelli.
1337 846 1541 896 Sebott.

476 920 737 985 Pomponis·
759 922 944 983 prisca
959 921 1079 972 edd.
1102 933 1157 970 et
1182 921 1367 985 scripti
1389 923 1541 987 qnin-

474 1012 595 1061 que.
681 998 902 1061 Franeq.
946 999 1196 1061 Pomponi.
1267 1000 1285 1027 ‘
1315 1000 1540 1062 Pompo-

472 1072 588 1125 nis'
631 1084 715 1125 est
743 1074 885 1138 apud
923 1074 1039 1123 Liv.
1072 1088 1166 1126 xl..
1199 1079 1284 1125 42.
1350 1076 1540 1125 Filium

478 1151 639 1203 etiam
654 1152 670 1179 ⁸
688 1151 817 1203 Pom
825 1166 1009 1216 ponem
1024 1150 1040 1173 ⁹
1055 1152 1295 1203 babuisse
1316 1153 1542 1204 Numam

475 1226 639 1277 tradit
670 1228 820 1278 Plut.
854 1229 906 1278 in
944 1230 1122 1281 Numa
1152 1231 1360 1292 p.'l'3.⁴‘
1384 1231 1540 1281 Pom-

473 1317 599 1365 pum
623 1302 937 1366 Pompilium
966 1303 980 1325 '
1011 1305 1422 1368 patrem-Numae
1448 1321 1540 1370 ap-

474 1379 637 1440 pellat
659 1379 835 1430 Valer.
853 1381 1005 1430 Max.
1041 1381 1246 1441 Fragm.
1280 1381 1347 1431 de
1382 1383 1546 1434 Nom.

475 1457 601 1507 Rat.
634 1472 687 1519 p.
708 1462 824 1508 876.
857 1457 948 1507 ubi
980 1457 1167 1509 confer
1202 1460 1352 1524 Pign.
1384 1468 1442 1510 et
1461 1460 1545 1510 Si·-

477 1549 598 1597 gon.
620 1534 689 1583 de
714 1536 925 1585 Nomin.
943 1551 996 1584 c.
1011 1541 1060 1585 3.
1081 1550 1133 1599 p.
1157 1541 1303 1587 1956.
1327 1545 1453 1587 tom.
1473 1551 1542 1588 n.

473 1610 627 1660 stes.
653 1609 839 1660 Graev.
855 1612 941 1675 qni
964 1619 1236 1675 receptam
1260 1614 1540 1663 lectionem

477 1692 715 1737 tuentur.
746 1687 926 1737 Arata.

545 1763 776 1828 Curibus]
812 1764 1061 1821 Nonnulli
1082 1781 1116 1815 a
1134 1765 1341 1816 cni-ibas
1356 1766 1546 1829 legunt.

474 1837 681 1889 Schott.
715 1839 873 1889 Nulla
892 1841 947 1890 in
966 1841 1156 1891 nostris
1172 1844 1418 1899 varietas.
1440 1842 1543 1895 nisi
1565 1857 1572 1899 ἴ

476 1913 617 1979 quod
640 1915 812 1981 Lugd.
832 1921 885 1966 2.
922 1918 1180 1969 Curribus.
1243 1920 1259 1947 ‘
1285 1917 1505 1969 Accitus
1529 1918 1546 1942 ’

476 1990 664 2041 eodem
692 1992 843 2042 modo
878 1993 946 2042 de
978 1995 1157 2044 Numa
1188 1993 1401 2045 adhibet
1432 1994 1547 2044 Lis.

474 2081 519 2118 ι.
543 2071 622 2117 18.
659 2075 674 2097 ‘
700 2070 890 2119 Numoe
923 2071 1187 2135 Pompilio
1223 2085 1436 2134 reguum
1458 2072 1548 2121 de·

475 2141 751 2205 ferandum
782 2145 1090 2209 decernunt,
1116 2148 1316 2197 accitus
1336 2178 1548 2199 ......

478 2235 697 2285 regnum
716 2224 940 2283 adeptus
962 2233 1044 2272 est
1059 2221 1096 2272 ε’
1128 2231 1189 2273 et
1211 2237 1289 2273 tv.
1309 2228 1361 2274 8.
1389 2227 1407 2254 ⁴
1435 2225 1547 2275 Nu-

479 2313 614 2349 mam
650 2300 988 2362 Pompilium,
1019 2315 1123 2350 non
1146 2301 1300 2351 modo
1321 2315 1425 2351 non
1456 2316 1550 2364 pa-

481 2374 706 2436 tricium,
736 2375 829 2424 sed
855 2390 921 2425 ne
942 2377 1111 2426 civem
1133 2377 1341 2442 quidem
1360 2377 1551 2427 Roma-

480 2466 623 2509 num,
653 2467 720 2503 ex
756 2453 949 2502 Sabine
983 2469 1111 2517 agro
1147 2453 1410 2505 accitum!
1477 2456 1551 2504 Et

479 2527 580 2577 hoc
630 2527 835 2579 factum
890 2534 906 2561 ‘
931 2542 1028 2593 per
1081 2530 1304 2593 legatos‘
1366 2529 1552 2579 scribit

479 2603 689 2654 Servius
711 2605 777 2654 ad
800 2606 948 2668 Virg.
973 2605 1091 2655 AEn.
1117 2618 1196 2655 vt.
1227 2610 1341 2656 809.
1372 2606 1552 2657 Arate.

504 2710 509 2717 ·
547 2681 907 2731 Adduceatibas
919 2680 1123 2744 ciuibus]
1141 2683 1231 2732 Sic
1253 2683 1383 2732 editi
1403 2684 1554 2745 libb„

483 2758 632 2822 qnasi
654 2759 1025 2818 eomitantibus
1044 2760 1263 2817 civibus,
1291 2761 1476 2823 quibus
1494 2769 1554 2810 et

485 2843 639 2898 patre
684 2834 954 2899 fratreque
993 2835 1404 2899 deprecantibus
1447 2837 1553 2887 Ro·

473 2924 620 2959 -nsnm
640 2910 782 2959 venit
803 2925 817 2958 z
842 2911 1062 2974 Dionys.
1085 2912 1120 2958 l.
1140 2924 1205 2960 n.
1220 2912 1349 2960 Mes.
1373 2926 1554 2961 omnes

483 2985 815 3035 addicentibus
837 2985 1020 3043 avibus,
1037 2987 1259 3036 eximiez
1303 3003 1419 3038 nain
1438 2989 1553 3037 Liv.

484 3077 528 3113 s.
553 3067 634 3113 18.
655 3076 770 3111 eam
796 3071 1057 3128 tamqnam
1082 3076 1381 3127 germanam
1407 3066 1554 3114 lecti-

485 3153 638 3188 onem
673 3140 1011 3203 comprobare
1048 3139 1273 3201 videtur,
1306 3141 1383 3193 ait
1415 3141 1554 3189 enim

485 3216 760 3279 auspicato
820 3215 1043 3265 Numam
1086 3229 1263 3277 regem
1302 3224 1557 3265 creatum.

486 3294 511 3329 ⁴-
528 3289 770 3353 Accitus,
791 3290 805 3310 ’
849 3291 1036 3354 inquit,
1089 3290 1107 3317 ‘
1131 3291 1268 3340 sieut
1310 3292 1557 3341 Romulus

490 3374 748 3429 augurato
771 3366 823 3414 in
845 3368 993 3417 Urbe
1025 3366 1304 3417 condenda
1340 3382 1555 3432 regnum

488 3441 712 3506 adeptus
734 3450 838 3503 est,
856 3441 925 3490 de
955 3456 1013 3491 se
1041 3457 1248 3508 quoque
1272 3445 1415 3494 Deos
1435 3459 1554 3494 con·

485 3522 585 3571 auli
598 3522 789 3584 jussit:
825 3521 951 3571 inde
970 3521 1038 3569 ab
1059 3520 1292 3585 augure?
1314 3526 1414 3572 &a
1467 3524 1557 3573 Sie

488 3605 547 3648 et
584 3598 731 3649 Plut.
774 3600 825 3647 in
874 3600 1065 3654 Numa,
1101 3614 1412 3664 quamquam
1444 3601 1554 3657 ille,

490 3685 768 3740 postquam
782 3676 892 3738 jam
918 3674 1134 3725 Romans
1157 3677 1405 3740 venisset,
1430 3690 1556 3726 aves

489 3753 807 3802 consuluisse
839 3751 1054 3800 scribat.
1120 3752 1240 3801 Nec
1275 3753 1556 3802 verisimile

491 3831 659 3880 virum
690 3829 928 3892 religioni
962 3828 1216 3890 deditum,
1247 3829 1402 3880 domo
1436 3845 1559 3892 pro·

490 3906 687 3956 fectum
711 3904 777 3953 ad
802 3918 884 3953 res
909 3912 1078 3953 tentas
1113 3905 1420 3955 inconsultis
1449 3907 1558 3955 avi-

491 3984 605 4032 bns.
669 3982 759 4031 Sic
780 3989 964 4030 contra
987 3981 1039 4030 in
1063 3980 1285 4030 Hostilio
1309 3981 1574 4044 Mancino·

489 4068 673 4107 auctor
705 4067 881 4108 noster
916 4057 1052 4106 dixit
1083 4059 1100 4087 ‘
1127 4058 1426 4108 vetantibus
1448 4060 1557 4106 avi-

491 4132 640 4194 bus3'
672 4133 796 4182 alibi
836 4135 853 4163 ⁸
877 4131 1107 4183 adversis
1150 4132 1457 4195 ominibus,’
1499 4141 1558 4183 et

494 4217 513 4245 e
536 4209 784 4259 adversus
839 4210 1089 4273 auspicia.
1116 4207 1131 4229 ’
1213 4215 1229 4238 ‘
1255 4208 1520 4259 Addicere
1544 4210 1560 4235 '

494 4292 672 4336 autem
709 4288 727 4315 ⁴
750 4299 874 4337 aves
895 4285 910 4307 ’
943 4285 1191 4339 dicumiu
1223 4285 1276 4336 in
1308 4287 1556 4351 auguriis,

1166 395 1405 446 NOTAE*
1433 394 1840 446 vammum
1893 394 1979 446 IN

1612 551 1732 590 cum
1750 538 1948 604 aliquid
1973 540 2144 590 volatu
2158 547 2250 591 ant
2273 542 2472 606 garritu
2485 549 2677 608 appro-

1612 618 1741 667 bant
1773 628 1837 668 et
1878 627 2047 669 ratum
2079 619 2301 671 faciunt.
2365 622 2486 674 Liv.
2517 636 2558 673 ι.
2593 628 2678 674 36.

1596 695 1859 759 &Negare
1891 697 2072 746 Attius
2113 698 2316 748 Navius
2341 699 2568 765 inclytus
2612 717 2679 750 ea

1615 778 1929 836 tempestate
1953 787 2137 837 augur,
2162 789 2328 840 neque
2349 778 2565 839 mutari,
2588 792 2678 827 ne·

1612 860 1714 910 que
1751 861 1938 897 novum
1977 849 2245 911 constitui,
2287 851 2384 899 nisi
2422 866 2549 902 aves
2585 852 2678 901 ad-

1613 921 2099 985 dixissent,posse.’
2166 924 2371 974 Ibidem
2398 927 2434 976 l.
2458 940 2498 976 t.
2520 941 2568 977 e.
2594 932 2678 976 5⁵:

1613 1000 1630 1037 ⁶·
1655 999 1785 1048 Cum
1808 1000 2035 1049 omnium
2057 1001 2361 1051 sacellorum
2383 1016 2677 1067 exaugura-

1619 1075 1786 1124 tiones
1821 1077 2168 1128 admitterent
2191 1093 2331 1135 aves,
2366 1080 2418 1128 in
2450 1082 2680 1130 Termini

1613 1149 1734 1201 fano
1757 1166 1862 1203 non
1884 1152 2176 1204 addixere!
2242 1154 2450 1205 Ibidem
2471 1162 2488 1185 ‘
2514 1155 2680 1204 Fabio

1616 1229 1907 1292 auspicanti
1942 1243 2066 1279 aves
2100 1233 2260 1280 semel
2292 1238 2452 1296 atque
2487 1233 2681 1281 iterum

1615 1318 1721 1353 non
1746 1304 2032 1355 addixere.’
2071 1306 2247 1355 Tacit.
2269 1306 2413 1356 Hist.
2437 1309 2514 1356 r.·¹
2544 1307 2682 1357 Aac·

1619 1388 1703 1431 tus
1746 1381 1953 1431 omnino
1997 1382 2362 1434 addicentibus
2413 1384 2682 1448 auspiciis,

1618 1464 1775 1506 vocat
1796 1457 2126 1507 contionem?
2173 1458 2335 1522 Apul.
2353 1460 2420 1509 de
2447 1461 2561 1512 Deo
2584 1461 2685 1510 So·

1618 1533 1779 1582 cratis
1816 1535 1833 1560 ‘
1869 1532 2103 1598 adjicere
2143 1535 2357 1597 ansgui-ia
2382 1534 2397 1558 ’
2432 1534 2588 1599 dixit,
2622 1542 2685 1585 ut

1619 1614 1675 1658 et
1719 1607 1941 1661 Plautus
1975 1608 2218 1658 Asinaria
2266 1617 2281 1639 ‘
2304 1609 2583 1660 admittere
2629 1625 2686 1660 a·

1539 1708 1548 1719 =
1617 1697 1712 1734 vas
1733 1682 1749 1707 ’
1768 1683 1954 1734 eadem
1971 1685 2254 1749 elegantia,
2273 1685 2344 1735 de
2363 1700 2468 1749 qua
2490 1686 2683 1736 Sextus

1618 1762 1808 1826 Pomp.
1868 1763 1980 1810 Liv.
2002 1762 2095 1811 lib.
2117 1776 2158 1812 ι.
2194 1762 2211 1790 ‘
2231 1764 2466 1814 Concilio
2483 1762 2687 1829 populi,

1620 1838 1883 1888 exercitus
1917 1839 2108 1896 vocati,
2136 1854 2335 1893 summa
2364 1854 2558 1903 rernm,
2593 1841 2683 1892 ubi

1620 1926 1741 1962 aves
1765 1926 1865 1962 non
1897 1913 2248 1971 admisissent,
2281 1914 2689 1967 dirimerentur?

1617 1987 1792 2039 Julius
1814 1989 2015 2054 Obseq.
2039 1991 2105 2041 de
2139 1990 2407 2055 Prodigiis
2441 1991 2510 2042 A.
2533 1992 2603 2043 U.
2627 1992 2691 2043 C.

1618 2068 1736 2115 ⁷0⁸.
1773 2066 1790 2092 ‘
1815 2066 1879 2115 C.
1902 2066 2175 2117 Cornelius
2197 2082 2363 2132 augur
2398 2069 2603 2119 Patavii
2622 2083 2690 2119 eo

1621 2141 1709 2191 die
1730 2156 1849 2192 cum
1870 2158 1993 2192 aves
2018 2143 2376 2206 admitterent,
2399 2146 2689 2209 proclama-

1622 2219 1701 2268 vit
1739 2234 1848 2271 rem
1890 2221 2001 2284 geri
2040 2230 2098 2271 et
2138 2222 2403 2273 Caesarem
2443 2220 2690 2272 vincere?

1622 2296 1795 2346 Locus
1835 2297 1998 2360 igitur
2039 2298 2091 2347 in
2134 2299 2339 2350 Seneca
2378 2308 2700 2362 cormptns;

1622 2372 1781 2422 etiam
1811 2374 2169 2423 emendandus
2192 2375 2283 2424 lib.
2306 2374 2375 2424 de
2397 2376 2536 2425 vite
2559 2374 2691 2427 Bre-

1625 2450 1790 2499 vitate
1819 2465 1867 2499 c.
1892 2453 1972 2501 14.
2007 2453 2034 2496 ⁶.
2050 2450 2171 2500 Hoc
2197 2452 2335 2501 scire
2369 2451 2534 2514 magis
2570 2454 2692 2515 pross

1625 2525 1758 2580 dest,
1782 2540 1933 2591 qnam
1952 2524 2265 2576 Aventinum
2291 2533 2520 2577 montem
2538 2536 2692 2578 extra

1629 2603 1911 2666 pomerium
1954 2617 2087 2664 esse,
2147 2610 2205 2652 ut
2246 2603 2335 2652 iile
2380 2601 2694 2668 affirmabat,

1627 2689 1847 2742 propter
1878 2680 2095 2729 alteram
2129 2693 2196 2727 ex
2229 2678 2433 2728 duabus
2475 2679 2692 2743 caussis,

1628 2764 1720 2805 aut
1755 2754 1892 2819 quod
1934 2755 2083 2817 plebs
2124 2770 2190 2804 eo
2227 2757 2565 2818 κοσμήσεως
2595 2762 2691 2806 aut

1627 2832 1764 2895 qnod
1787 2832 1953 2880 Remo
1974 2832 2281 2894 auspicante
2305 2834 2393 2881 illo
2412 2833 2544 2897 loco,
2569 2848 2693 2883 aves

1628 2922 1732 2956 non
1771 2907 2144 2957 adduxissent:
2171 2906 2187 2929 ⁹
2227 2909 2304 2957 sic
2340 2909 2456 2958 libri
2491 2910 2693 2971 vulgati

1628 2999 1837 3033 omues:
1887 2985 2025 3050 lege,
2072 3000 2154 3035 me
2194 2993 2431 3049 anctore,
2472 2988 2695 3037 addixis-
2775 3046 2788 3059 ·

1626 3068 1732 3115 mi
1748 3078 1766 3110 .-
1787 3061 1872 3112 cui
1892 3064 2165 3112 sententie
2183 3061 2339 3113 facile
2356 3064 2581 3125 accedit,
2605 3065 2696 3127 qui

1629 3137 1819 3203 Agellii
1845 3138 2006 3189 Noct.
2028 3137 2201 3190 Attic.
2226 3152 2359 3189 xm.
2380 3144 2465 3188 45.
2484 3154 2603 3190 cum
2629 3139 2695 3188 is·

1630 3216 1696 3263 tis
1737 3214 1954 3264 Seneca
2007 3222 2305 3279 componet.
2391 3216 2695 3265 Messallam

1630 3291 1766 3349 enim
1783 3290 1968 3340 laudat
1988 3300 2279 3354 auctorem,
2298 3292 2389 3356 qui
2406 3306 2522 3342 earn
2544 3307 2696 3343 caus-

1629 3381 1735 3415 sam
1781 3368 2002 3417 maxime
2048 3370 2258 3431 probet,
2303 3369 2320 3397 ‘
2340 3369 2483 3434 quod
2531 3371 2587 3420 iu
2629 3385 2695 3420 eo

1632 3451 1805 3493 monte
1831 3445 2026 3494 Remus
2045 3445 2504 3509 urbis—condendae
2529 3447 2697 3509 gratia

1630 3521 1998 3585 auspicaverit,
2026 3536 2251 3586 avesque
2288 3522 2467 3572 irritas
2501 3523 2696 3573 babue-

1631 3599 1721 3661 rit,
1757 3610 2137 3662 superatusque
2173 3600 2229 3648 in
2263 3599 2496 3662 auspicio
2533 3615 2565 3648 a
2596 3601 2698 3648 Ro-

1631 3677 1770 3725 mulo
1790 3675 1895 3724 sit-³
1963 3675 2131 3725 Porro
2156 3675 2223 3724 de
2245 3679 2263 3706 ‘
2286 3675 2602 3725 addicendi’
2624 3677 2699 3726 al·

1632 3753 1748 3802 tera
1786 3752 2000 3800 notione
2039 3751 2091 3799 in
2129 3751 2372 3815 Virginio
2394 3753 2698 3802 centurione

1630 3828 1876 3877 diximus.
1910 3827 2094 3877 Scaeae.
2158 3827 2510 3877 Addicents‘bus
2532 3829 2699 3877 auibus

1632 3906 1789 3955 etiam
1831 3905 1886 3955 F.
1914 3911 1969 3953 et
1992 3905 2057 3952 B.
2077 3903 2128 3953 in
2154 3903 2366 3967 reliquis
2399 3902 2523 3952 nibil
2547 3905 2658 3951 sani
2681 3920 2694 3950 ε

1632 3996 1731 4033 nec
1753 3990 1926 4032 tamen
1951 3983 2219 4045 quisquam
2242 3979 2533 4035 dubitabit,
2566 3982 2693 4044 quin

1634 4073 1760 4108 vera
1790 4059 1859 4108 sit
1891 4044 2097 4108 Schotti
2132 4066 2186 4106 et
2217 4056 2373 4106 codd.
2406 4064 2698 4106 nostrornm

1635 4133 1952 4195 emendatio,
1976 4134 2073 4180 nisi
2097 4131 2255 4180 vellet
2289 4132 2515 4180 inventis
2536 4130 2699 4196 frugi·

1634 4211 1731 4260 bus
1768 4209 1904 4258 vesci
1928 4206 2220 4270 glandibus.
2284 4207 2452 4255 Sensu
2475 4206 2573 4256 boc
2595 4206 2699 4255 fre·

1634 4299 1796 4353 quens
1822 4284 2036 4335 verbum
2060 4292 2145 4334 est
2167 4282 2335 4332 Livio.
2401 4283 2609 4332 Praeter
2635 4296 2699 4331 ea
