3025 4934
563 393 847 444 AUREL.
881 391 1072 443 vlc'r.
1119 392 1343 443 VIROS
1391 392 1746 445 ILLUSTR.
1794 392 1959 444 cAP.
2006 396 2220 447 xbvt.

306 537 414 590 dam
466 539 580 591 Deo
632 541 791 604 plena
829 539 1109 605 Tarquinio
1161 539 1346 589 Prisco

304 615 544 680 vendidit,
596 617 649 666 in
702 616 886 681 quibus
939 617 1007 664 de
1049 615 1346 666 Hannibale

305 694 530 755 pellendo
549 695 664 741 talis
687 692 860 742 fuerat
878 694 1173 742 sententia:
1208 694 1224 720 ‘
1240 693 1344 742 Ro·

302 771 443 828 mani,
465 772 506 818 si
531 783 753 833 unquam
778 770 1025 819 vomicam
1047 770 1205 823 illam,
1227 783 1343 831 quae

299 846 439 909 longe
472 855 728 895 terrarum
762 846 923 904 venit,
954 845 1150 907 pellere
1186 845 1344 893 vultis

299 936 330 970 a
351 924 500 979 vobis,
534 937 769 987 magnam
804 925 975 971 Deum
1007 922 1230 971 Matrem
1265 935 1345 970 ar-

300 999 588 1047 cessendam
615 1004 773 1063 puto.’
806 993 970 1047 Maeli.

356 1074 540 1136 Mater]
573 1074 681 1123 Alii
711 1075 894 1125 Matre.
925 1075 1191 1128 Schottus.
1258 1073 1346 1123 Ita

298 1149 486 1199 Boend.
511 1160 565 1199 et
588 1151 739 1200 Leid.
776 1158 995 1215 uterque
1029 1151 1194 1200 minus
1223 1164 1344 1199 con-

295 1213 452 1274 'cinne-
483 1226 661 1276 Arata.

354 1303 662 1366 Pessinunte]
729 1303 794 1352 In
844 1303 1214 1366 praepositione
1258 1301 1345 1351 hic

295 1379 502 1430 sibinen
541 1387 783 1429 constant
806 1379 946 1430 libri.
993 1381 1041 1429 E
1063 1380 1345 1428 Pessinunte

292 1462 612 1519 expresserat
663 1455 828 1505 Aldus
883 1470 1103 1521 eumque
1158 1456 1343 1517 secuti,

290 1532 538 1594 quomode
576 1539 657 1581 est
688 1533 742 1580 in
779 1532 925 1581 Leid.
951 1536 996 1581 1.
1021 1540 1099 1596 et,
1117 1540 1179 1582 ut
1200 1532 1344 1581 vide-

291 1614 386 1668 tur,
404 1608 645 1658 Gratum.
661 1617 717 1657 et
739 1609 913 1658 Haun.
945 1624 1008 1659 ea:
1035 1610 1189 1662 Fran.
1211 1610 1343 1659 Ter·

287 1682 395 1734 tull.
414 1683 578 1747 Apol.
601 1699 648 1734 c.
673 1688 753 1734 15.
784 1690 801 1713 ‘
821 1683 963 1747 Atyn
1002 1686 1141 1738 illum
1174 1673 1358 1736 Deum¹

289 1772 348 1809 ex
369 1759 722 1810 Pessinunte?
754 1761 801 1810 A
821 1761 1125 1826 Pessinunte,
1140 1762 1342 1811 Boend.

287 1835 406 1886 edit.
420 1838 560 1886 Ven.
578 1843 635 1887 et
649 1836 822 1887 Mach.
856 1837 974 1890 Quo
996 1837 1149 1890 modo
1169 1837 1343 1887 Livius

288 1925 444 1961 xxix.
463 1917 548 1962 10.
582 1917 598 1940 ⁸
618 1912 791 1962 Mater
811 1913 956 1963 Idaea
980 1929 1007 1963 a
1027 1915 1343 1966 Pessinunte

285 1988 491 2037 Romam
516 1988 743 2038 advecta
777 1987 915 2039 foret
934 1988 965 2036 ε’
1000 1990 1078 2040 ita
1107 2005 1175 2042 ex
1206 1990 1341 2053 opti-

285 2065 374 2114 mis
395 2065 528 2114 Mss.
551 2065 784 2129 praetulit
803 2081 1012 2127 magnus
1027 2067 1337 2129 Gronovius,

286 2141 355 2189 nti
379 2152 434 2191 et
454 2141 602 2205 apud
624 2140 845 2191 eundem
870 2155 1079 2194 xxx1v.
1102 2145 1152 2194 8.
1187 2143 1203 2169 ‘
1227 2143 1342 2191 Ma-

286 2222 408 2266 trem
431 2218 639 2268 Idaeam
680 2233 712 2267 a
745 2217 1054 2270 Pessinunte
1085 2233 1152 2270 ex
1176 2219 1341 2282 Phry-

286 2294 366 2354 gia
381 2296 682 2343 venientem
696 2303 1000 2359 excepturae
1018 2295 1175 2346 suut.’
1199 2296 1343 2344 Prai-

284 2372 589 2431 positionem
617 2386 743 2422 vero
774 2373 978 2436 ignorat
1013 2374 1159 2426 Leid.
1183 2378 1232 2423 2.
1268 2373 1344 2423 uti

282 2448 394 2499 Val.
416 2450 684 2499 Maximus
706 2462 840 2499 vul.
865 2454 944 2499 15.
968 2464 1053 2499 ex.
1076 2454 1125 2499 3.
1146 2449 1161 2478 ‘
1184 2449 1344 2513 Apol-

280 2525 390 2573 linis
434 2528 640 2575 monitu
683 2526 998 2578 Pessinunte
1043 2528 1341 2578 arcessitam

280 2603 444 2654 Deam
477 2605 657 2669 excipi
682 2606 844 2655 voluit
861 2604 898 2656 ε’
931 2611 987 2656 et
1007 2607 1214 2656 Solinus
1238 2607 1341 2655 Po-

280 2681 379 2741 lyh.
401 2696 450 2731 c.
478 2685 529 2731 1.
557 2697 609 2743 p.
633 2686 685 2730 8.
717 2682 733 2709 ‘
762 2681 978 2733 Arcessi
998 2697 1149 2732 sacra
1172 2685 1341 2733 Deum

279 2756 460 2806 Matris
485 2760 802 2808 Pessinunte
816 2758 850 2808 τ’
882 2759 958 2808 ita
981 2760 1210 2812 restituit
1228 2758 1339 2808 Sal-

277 2836 488 2898 masius,
529 2836 613 2883 cni
661 2835 1045 2899 adstipulantur
1090 2843 1342 2900 excerpta

277 2913 472 2960 codicis
533 2912 733 2975 scripti.
813 2912 988 2961 Livius
1036 2926 1217 2962 xxxv.
1262 2917 1342 2961 1⁰.

275 2986 291 3012 ⁸
311 2987 440 3038 Quia
485 2988 720 3036 Matrem
775 2987 974 3037 Idaeam
1023 2988 1340 3038 Pessinunte

272 3064 570 3113 venientem
591 3064 642 3111 in
662 3064 855 3113 Urbem
878 3062 1177 3127 acciperet.’
1210 3064 1337 3113 Per-

273 3138 390 3188 inde
426 3141 593 3204 igitnr
628 3141 682 3188 in
719 3147 866 3189 tanta
904 3141 1175 3196 varietate,
1215 3139 1339 3204 quid

271 3216 431 3281 eligas
468 3217 619 3265 nobis
652 3207 1013 3266 media'leetio
1037 3216 1263 3281 placuit3
1295 3218 1336 3266 si

273 3294 425 3344 alicui
485 3294 639 3342 aliter
692 3294 945 3353 videatur,
989 3291 1235 3355 praeferat
1283 3295 1335 3343 id

273 3370 407 3433 qnod
429 3369 684 3432 optimum
696 3369 919 3432 judicet.
952 3369 1128 3422 Araia.

334 3446 395 3494 Ia
421 3444 550 3507 alto]
584 3445 648 3493 Iu
666 3448 798 3494 alveo
833 3446 951 3494 libri
978 3447 1160 3512 scripti
1186 3454 1241 3495 et
1265 3445 1337 3495 A·

275 3522 507 3586 grippin.
533 3529 590 3570 et
609 3525 624 3551 ‘
641 3522 773 3572 vado
794 3522 1040 3572 Tiberino
1070 3521 1337 3579 extraxit,’

270 3598 441 3662 inquit
466 3599 683 3648 Sueton-
705 3603 758 3648 in
787 3599 992 3649 Tiberio
1016 3614 1064 3650 c.
1087 3604 1137 3650 2.
1203 3598 1334 3649 Mihi

269 3666 446 3724 tamen
470 3677 771 3725 miraculum
795 3691 984 3740 augere
1006 3677 1212 3728 videtur
1234 3691 1336 3726 vox

267 3752 385 3811 alto,
407 3752 446 3799 i.
469 3766 520 3800 e.
545 3750 803 3815 profundo
837 3752 961 3802 satis
995 3752 1128 3805 loco.
1194 3752 1336 3803 Quid

270 3827 407 3877 enim
432 3829 619 3877 mirum
641 3829 682 3876 si
706 3829 759 3877 in
783 3828 914 3879 vado
936 3830 1181 3886 steterit?
1228 3829 1336 3878 He·

271 3904 519 3953 rodiauus
540 3904 626 3953 lib.
652 3919 691 3953 1.
721 3905 771 3954 in
806 3906 942 3955 ostio
972 3907 1175 3958 Tiberis
1200 3908 1334 3956 acci-

271 3978 408 4029 disse
449 3980 631 4042 refert,
666 3982 753 4030 uhi
793 3981 981 4031 vadum
1019 3981 1179 4036 fuisse
1218 3984 1334 4047 quis

273 4056 489 4108 credat?
526 4058 681 4107 Adde
701 4058 921 4109 adverso
941 4057 1153 4110 flumine
1174 4059 1226 4108 id
1250 4075 1334 4108 ac-

275 4132 479 4184 cidisse.
502 4134 693 4183 Sclwtt.
726 4135 849 4186 Nou
877 4136 1085 4190 memini
1106 4138 1121 4163 ‘
1138 4137 1298 4183 altum
1319 4133 1334 4155 ⁹

274 4209 453 4272 legere
491 4212 630 4260 circa
664 4210 879 4260 fluvios:
920 4212 963 4260 si
1001 4219 1174 4264 tamen
1211 4211 1333 4261 alibi

277 4287 551 4350 reperitur,
587 4286 719 4335 belle
743 4293 800 4334 et
828 4286 948 4339 heic
980 4288 1145 4340 locum
1186 4302 1332 4336 suum

414 4365 582 4432 υειρι..
599 4373 650 4418 et
680 4368 796 4417 Vm.
824 4368 956 4417 ctas.

1213 4370 1377 4420 Aurel-
1409 4368 1538 4420 Vtut.
1587 4407 1592 4414 .

1423 538 1688 589 tuebitur:
1733 539 1812 589 sin
1841 537 2046 603 minus,
2090 542 2480 593 rescribendum

1419 629 1537 665 cum
1581 616 1709 666 Mss.
1753 618 1806 665 in
1847 620 1976 667 alveo
2017 619 2171 668 stetit.
2238 618 2482 669 Palatina

1418 702 1593 742 tamen
1616 694 1932 755 exemplaria
1961 696 2179 744 alterum
2214 696 2480 746 exhibent.

1421 770 1568 820 Gna.
1666 773 1931 821 Adversum
1985 775 2188 824 Tiberim
2245 774 2480 825 Gratum.

1415 844 1634 895 ‘'Altns’
1659 861 1784 895 vero
1807 848 1997 897 dicitur
2017 847 2206 898 fluvius
2230 850 2298 898 ab
2321 848 2482 898 ovid.

1420 923 1563 972 Fast.
1589 937 1654 972 ιι.
1676 926 1790 973 166.
1823 931 1839 953 ‘
1865 925 1927 973 In
1949 926 2118 974 medio
2150 927 2336 988 gelidae
2360 924 2480 976 fons

1419 1007 1534 1048 erat
1585 1000 1720 1048 altus
1764 1000 1946 1065 aqum!
2013 1002 2094 1050 De
2150 1004 2260 1064 ipro
2302 1002 2481 1053 Tiberi

1418 1074 1556 1124 idem
1578 1076 1699 1128 Am.
1729 1078 1811 1126 El.
1843 1091 1934 1126 tir.
1954 1083 2003 1127 6.
2024 1082 2106 1127 69.
2142 1079 2156 1104 ‘
2177 1079 2284 1127 Ter
2306 1079 2483 1127 molita

1418 1151 1618 1216 fugam,
1654 1160 1736 1203 ter
1775 1154 1842 1203 ad
1882 1156 2014 1203 altas
2056 1155 2248 1204 restitit
2286 1155 2485 1204 undas!

1418 1229 1763 1278 Tritissimum
1798 1231 1925 1279 illud
1960 1231 2225 1293 ejusdem:
2268 1231 2283 1257 ‘
2307 1231 2373 1279 In
2393 1244 2482 1280 ca-

1419 1312 1518 1369 put
1556 1308 1660 1355 alta
1698 1320 1846 1355 suum
1882 1307 2130 1357 labuntur
2164 1307 2231 1356 ab
2271 1321 2480 1371 aequore

1420 1390 1562 1431 retro
1582 1380 1855 1431 Flumina-⁹
1889 1382 2138 1448 Adeoque
2149 1382 2232 1432 hic
2249 1386 2345 1432 ulto
2366 1395 2481 1433 esse

1416 1465 1594 1523 posset
1629 1466 1643 1488 ⁶
1671 1460 1776 1508 alto
1812 1459 1973 1520 loc03’
2013 1459 2100 1508 ubi
2136 1459 2199 1506 ad
2235 1458 2481 1523 navigan-

1418 1535 1540 1583 dum
1584 1533 1868 1597 profundus
1913 1536 2041 1584 satis
2086 1542 2224 1584 esset
2269 1533 2477 1584 fluvius.

1417 1611 1520 1660 Vel
1552 1624 1645 1673 per
1679 1612 1695 1639 ‘
1721 1609 1914 1661 altuni’
1944 1612 2028 1661 hic
2049 1612 2372 1674 intelligatur
2393 1626 2482 1661 ea-

1419 1692 1516 1749 put
1535 1683 1698 1748 fluvii,
1729 1687 1815 1735 ubi
1849 1688 1901 1735 in
1934 1701 2072 1736 ruere
2106 1688 2237 1750 exit,
2257 1702 2320 1737 eo
2343 1688 2482 1738 enim
2577 1695 2583 1708 ’

1416 1766 1536 1812 loco
1554 1777 1737 1811 navem
1756 1763 2050 1812 constitisse
2068 1764 2248 1814 scribit
2262 1764 2481 1814 Ovidius

1422 1838 1565 1887 Fast.
1588 1852 1663 1886 iv.
1686 1841 1802 1887 291.
1835 1845 1850 1866 ⁶
1877 1838 2030 1888 Ostia
2050 1839 2362 1903 contigerat,
2380 1855 2484 1904 qna

1417 1914 1769 1963 seTibei-inus
1805 1915 1856 1963 in
1893 1914 2054 1963 altum
2074 1913 2315 1965 Dividit-⁹
2351 1915 2481 1966 Δηι-

1418 1996 1542 2041 tzen.

1483 2069 1513 2131 ς
1544 2072 1576 2117 2
1612 2066 1841 2130 Claudia]
1888 2068 2001 2131 Ego
2038 2074 2052 2096 ⁸
2076 2068 2144 2119 Q.
2180 2066 2447 2118 Claudiam
2468 2066 2485 2089 '

1417 2155 1532 2191 esse
1564 2151 1712 2205 puto,
1747 2145 1891 2207 cujus
1924 2151 2097 2193 statua
2132 2145 2183 2193 in
2221 2144 2481 2204 vestibulo

1420 2221 1602 2282 templi
1640 2222 1819 2270 matris
1857 2223 2030 2271 Deum
2070 2222 2258 2286 posita,
2297 2222 2372 2271 bis
2416 2237 2479 2272 ea

1418 2298 1531 2346 aede
1555 2297 1792 2347 incendio
1816 2306 2147 2362 consumpta,
2173 2300 2223 2347 in
2249 2313 2342 2347 sua
2367 2298 2483 2348 basi

1415 2372 1633 2423 flammis
1679 2376 1878 2423 intacta
1926 2379 2089 2425 stetit.
2179 2376 2296 2424 Val.
2341 2388 2382 2424 1.
2428 2380 2477 2425 8.

1384 2449 1771 2503 '‘Quinctatn’
1813 2451 1973 2499 etiam
2016 2450 2249 2513 appellat
2292 2451 2484 2501 Cicero

1416 2542 1514 2592 pro
1537 2528 1616 2576 M.
1640 2526 1825 2584 Coelio,
1862 2533 1918 2577 et
1952 2527 2019 2575 de
2053 2526 2363 2589 Aruspicum
2400 2542 2485 2577 re-

1415 2603 1632 2667 sponsis,
1672 2610 1725 2652 et
1768 2602 1977 2664 Lipsius
2016 2611 2192 2652 noster
2234 2602 2368 2652 libro
2407 2603 2477 2655 de

1416 2679 1734 2728 Vestalibus.
1768 2679 1959 2729 Schott.

1489 2756 1664 2819 Virgo]
1699 2757 1799 2806 11ae
1823 2758 1960 2806 enim
1985 2772 2093 2821 prae
2112 2761 2301 2808 ceteris
2321 2759 2479 2809 debe-

1416 2834 1544 2883 bant
1586 2833 1852 2898 pudicitiae
1892 2841 1947 2882 et
1991 2835 2284 2885 sanctitatis
2328 2838 2478 2886 laude

1416 2924 1528 2959 esse
1568 2911 1809 2972 insignes,
1850 2915 1904 2956 et
1944 2909 2011 2957 ab
2051 2912 2187 2959 omni
2232 2911 2476 2963 delibatae

1414 2986 1675 3035 eastitatis
1691 2986 1986 3047 suspicione
2003 2987 2480 3048 longissimevremo·

1415 3069 1506 3110 tae.
1541 3061 1996 3125 oElegantissimus
2032 3062 2238 3123 quidem
2275 3064 2479 3113 Brouk·

1412 3137 1589 3187 husius
1635 3138 1698 3185 ad
1743 3136 1987 3200 Propert.
2030 3138 2114 3185 El.
2161 3150 2237 3187 tv.
2278 3143 2356 3188 11.
2393 3144 2477 3189 52.

1414 3215 1686 3267 Claudiam
1713 3214 1846 3262 hanc
1882 3214 1947 3263 ab
1980 3214 2215 3264 omnibus
2248 3217 2264 3243 ‘
2284 3224 2477 3266 matro-

1411 3290 1561 3341 nam’
1600 3292 1872 3354 appellari,
1912 3290 2142 3355 adeoque
2181 3306 2285 3341 non
2323 3294 2477 3356 virgi-

1410 3383 1549 3429 nem,
1592 3367 1683 3418 sed
1742 3375 1958 3431 nuptam
2016 3365 2263 3418 feminam
2314 3367 2476 3420 fuisse

1413 3444 1696 3506 existimat,
1721 3443 1942 3506 ideoque
1974 3444 2132 3494 Statii
2163 3446 2352 3505 locum,
2375 3446 2476 3510 ‘qni

1412 3534 1527 3570 eain
1579 3518 1903 3581 ‘virginem'
1952 3519 2177 3580 dixerat,
2223 3521 2276 3569 in
2318 3522 2473 3570 aliam

1411 3598 1725 3648 sententiam
1780 3596 2081 3661 detorquet,
2123 3598 2269 3661 quasi
2324 3599 2472 3661 virgo

1410 3676 1566 3725 etiarn
1583 3676 1651 3724 de
1671 3681 1834 3738 nupta
1850 3675 2129 3724 diceretur.
2185 3675 2290 3725 Sed
2310 3675 2351 3724 si
2373 3674 2474 3726 hoe

1410 3752 1605 3803 faciant
1629 3753 1816 3812 Latini,
1850 3759 1955 3800 tuni
1990 3751 2101 3801 fere
2134 3767 2200 3800 ex
2236 3753 2475 3815 subjecta

1410 3830 1630 3879 materia
1651 3829 1872 3891 intelligi
1906 3836 2103 3891 potest,
2137 3828 2211 3878 ita
2246 3842 2361 3877 eam
2387 3844 2472 3877 vo·

1410 3922 1523 3956 cem
1564 3920 1679 3954 esse
1720 3904 2109 3968 exponendam3
2153 3904 2289 3965 quod
2330 3904 2471 3967 apud

1411 3982 1689 4044 Papiniuni
1726 3988 1901 4029 tamen
1935 3981 2085 4040 longe
2124 3980 2276 4028 aliter
2297 3994 2352 4028 se
2380 3981 2471 4028 ha-

1409 4058 1517 4106 bet.
1580 4056 1683 4105 Sed
1737 4054 1950 4119 fugerat
1992 4056 2155 4103 virum
2201 4054 2252 4101 in
2298 4054 2469 4117 poetis

1410 4132 1847 4192 versatissimum3
1895 4141 2000 4179 tum
2041 4129 2124 4179 hic
2161 4130 2322 4193 locus,
2358 4137 2471 4180 tum

1411 4211 1539 4259 alius
1560 4209 1760 4258 Sidonii
1784 4207 2096 4269 Apollinaris
2115 4207 2285 4256 Carm.
2308 4220 2469 4258 xxiv.

1406 4291 1488 4335 41.
1500 4286 1705 4337 ‘Qualis
1724 4299 1819 4335 nec
1836 4285 2079 4348 Phrygiae
2096 4283 2265 4335 dicata
2275 4286 2471 4347 Vestoe,

2222 4366 2338 4419 20
