3025 4934
493 364 772 415 Amuli..
810 363 1009 414 vm'r.
1058 360 1287 415 VIROS
1333 364 1690 415 ILLUSTR.
1735 366 1902 416 cAP.
1946 366 2205 416 Lxxu.

280 506 582 573 adversetur,
621 513 675 558 et
726 507 770 557 si
809 508 1111 572 conspirent
1160 507 1317 560 codd.

279 599 380 634 cuin
400 585 520 633 edd.
544 584 681 649 qnod
707 591 853 634 certe
874 585 958 634 bic
982 584 1200 642 faciunt,
1223 599 1313 634 ex·

276 670 416 724 cepto
436 660 543 709 solo
566 661 713 710 Leid.
741 653 833 724 qui'
850 659 1090 726 suatsfices
1112 660 1312 711 scribit.

275 736 432 786 Arata.

332 812 408 875 §8
447 811 607 875 Viam]
641 812 721 861 De
741 811 758 839 ⁴
784 810 981 860 viarum
1007 808 1022 831 '
1038 809 1313 861 nobilitate

276 885 378 949 lege
408 887 714 936 Strabonem
742 887 873 936 libro
907 887 1111 952 quinto,
1135 887 1223 937 ubi
1245 887 1313 937 de

273 960 450 1024 Appia,
492 962 704 1012 Valeria
747 970 803 1011 et
847 963 1033 1012 Latina
1065 964 1311 1028 loquitur.

271 1036 419 1086 Maeli.
484 1035 531 1086 A
563 1040 695 1088 Mss.
717 1047 815 1103 est,
837 1049 891 1090 et
923 1040 1092 1089 lucem
1122 1038 1311 1090 adfert.

272 1112 439 1164 δοιωα.
871 1139 878 1144 ·
963 1110 970 1115 ’

323 1190 576 1256 Malainai]
611 1191 697 1242 Ab
722 1192 837 1256 ipso
862 1197 981 1256 post
1004 1191 1200 1242 dictum
1222 1192 1313 1242 AE·

270 1266 465 1317 milium.
532 1269 839 1320 Juvenalis:
879 1277 893 1299 ⁸
913 1270 1043 1319 Cum
1067 1269 1164 1318 tibi
1188 1269 1309 1318 vici·

269 1354 373 1391 num
395 1349 450 1392 se·
486 1347 723 1408 praebeat
753 1344 988 1404 AEmilius
1015 1342 1178 1406 none?
1242 1343 1309 1394 In

270 1419 345 1466 ria
359 1418 632 1483 Flaminia,
652 1421 742 1485 qui
766 1420 995 1470 Mulvius
1018 1419 1310 1485 dicebatur,

267 1500 368 1542 erat
386 1494 583 1545 distans
619 1497 757 1545 ultra
791 1495 1017 1560 lapidem
1051 1509 1219 1557 unum,
1241 1496 1310 1547 de

266 1584 355 1634 quo
376 1571 647 1623 Sallustius
667 1573 719 1622 in
737 1573 1072 1622 Catilinario:
1106 1573 1122 1599 ‘
1148 1581 1309 1638 ponte

264 1645 445 1696 Mulvio
480 1662 576 1712 per
612 1646 826 1698 insidias
858 1648 1197 1712 Allobrogum
1222 1663 1307 1698 co-

264 1723 457 1773 mitatus
478 1724 852 1791 deprendunt.’
881 1725 1109 1775 Machan-
1174 1724 1308 1775 Mal·

262 1799 375 1847 viam
394 1801 524 1852 Μαι.
547 1800 790 1851 scribunt
823 1815 918 1865 per
949 1802 1181 1866 quintam
1220 1816 1308 1849 vo·

263 1878 432 1939 calem,
459 1889 518 1929 ut
542 1888 600 1930 et
630 1879 684 1929 in
704 1878 934 1929 Sallustii
972 1880 1116 1929 libris
1143 1880 1307 1943 scrip·

260 1953 320 2000 tis
346 1954 469 2016 vidi,
491 1969 524 2006 a
551 1955 634 2004 M.
658 1955 862 2018 Mulvio,
883 1956 1031 2020 cujus
1056 1956 1195 2020 apud
1220 1956 1307 2006 Ci-

260 2042 479 2080 ceronem
514 2032 716 2081 mentio
750 2031 816 2080 ad
858 2031 1090 2081 Atticum
1114 2032 1151 2083 l.
1176 2045 1308 2083 xur-

260 2112 308 2153 et
328 2106 398 2156 sic
418 2107 598 2157 Valer.
622 2108 769 2158 Max.
793 2121 920 2158 vm.
945 2112 991 2157 1.
1029 2123 1096 2158 ex
1119 2111 1307 2159 veteri·

260 2178 342 2229 bns
357 2182 496 2233 libris
521 2183 896 2233 restituendus.
928 2184 1152 2236 Quidam
1178 2199 1301 2248 pon-

259 2263 352 2307 tem
370 2259 630 2311 AEmilium
653 2269 827 2311 vocat.
847 2260 1029 2311 Scaeis.
1094 2261 1309 2312 Molvius

259 2336 456 2401 antique
472 2353 567 2401 pro
589 2339 805 2388 Mulvius
819 2338 1098 2389 Scholiast.
1113 2338 1148 2390 J
1153 2352 1308 2389 uven.

259 2409 315 2460 ad
335 2413 438 2464 Sat.
462 2429 600 2465 vm.
623 2429 702 2464 vs.
725 2419 843 2465 239.
909 2414 1107 2465 Confer
1138 2416 1307 2465 erudi·

258 2495 352 2540 tam
375 2490 791 2543 dissertationem
817 2492 1029 2542 Nicolai
1044 2492 1111 2541 de
1135 2493 1184 2543 N
1189 2505 1309 2542 our·

256 2577 310 2629 ry
329 2566 390 2616 sd
412 2568 561 2618 Lact.
586 2582 634 2618 c.
655 2571 737 2618 11.
771 2568 926 2617 artic.
949 2572 1004 2617 8·
1065 2568 1306 2619 Mulvium

257 2649 413 2693 tamen
455 2644 612 2694 bodie
649 2642 935 2708 praeferunt
975 2657 1041 2693 ex
1078 2645 1302 2709 antiquis

255 2717 495 2781 lapidibus
515 2728 574 2773 et
601 2721 866 2772 veteribus
887 2721 1054 2779 libris,
1090 2720 1300 2771 Greco-

256 2808 359 2846 rnm
380 2800 699 2849 auctoritate
720 2797 939 2864 suffulti,
955 2800 1043 2863 qui
1060 2797 1304 2857 Μοῦλβιον

254 2871 437 2928 dicunt.
535 2874 673 2926 Vide
709 2876 938 2938 Giphan.
977 2876 1031 2925 in
1077 2875 1298 2928 Collect.

254 2948 397 3001 Lucr.
437 2967 570 3003 voce
616 2962 632 2985 ‘
651 2952 895 3004 obsidere
922 2955 937 2979 ’
988 2959 1047 3002 et
1098 2954 1302 3019 Dansq.

255 3025 492 3093 Ortbogr.
514 3034 654 3093 part.
689 3042 755 3078 ιι.
781 3032 900 3079 208.
937 3042 1166 3094 quosque
1188 3029 1299 3078 lau-

252 3099 427 3155 darunt
455 3106 763 3169 multiplicis
798 3105 1035 3155 lectionis
1066 3105 1162 3154 viri
1183 3105 1298 3154 Du-

252 3174 396 3230 kerus
415 3182 481 3230 ad
504 3182 715 3231 Florum
740 3195 830 3231 ιη.
850 3184 934 3231 23.
956 3183 984 3246 §
1007 3185 1057 3232 6.
1081 3187 1135 3230 et
1155 3184 1301 3233 Cort-

252 3254 310 3302 sd
345 3257 467 3307 Sall.
500 3258 661 3308 Catil.
687 3272 739 3309 c.
760 3263 843 3309 46.
879 3260 907 3323 §
946 3262 995 3307 1.
1058 3260 1301 3310 Mulvium

254 3331 395 3382 etiarn
419 3332 513 3383 inf.
534 3335 586 3382 in
610 3334 752 3397 Epit.
774 3348 820 3383 c.
841 3338 922 3384 40.
949 3336 978 3400 §
1000 3337 1053 3383 7.
1084 3335 1300 3387 exbibet

254 3407 357 3456 cod.
396 3408 689 3473 Gudianus,
724 3411 872 3474 cujus
912 3418 1165 3475 excerpta
1202 3427 1299 3476 pro

252 3482 474 3547 ingenuo,
497 3500 601 3552 quo
623 3492 705 3537 est
738 3487 790 3535 in
827 3486 1190 3549 promovendis
1211 3488 1299 3538 lit-

250 3560 365 3612 tetis
399 3563 592 3624 studio,
626 3562 693 3612 ad
734 3577 817 3612 me
855 3562 1141 3613 transmisit
1169 3563 1299 3614 Cor-

252 3632 360 3683 tius.
422 3637 507 3687 Ita
528 3644 611 3687 est
632 3639 683 3688 in
700 3638 913 3702 optimis
935 3638 1059 3688 edd.
1080 3639 1297 3689 Martia-

251 3707 308 3759 lis
330 3702 505 3776 Epigr-
529 3726 618 3763 ιιι.
638 3718 723 3766 14.
749 3722 804 3764 et
833 3715 1011 3778 Epigr.
1037 3728 1113 3765 ιν.
1134 3719 1218 3766 04.
1242 3723 1297 3765 et

251 3782 377 3835 Livii
397 3802 625 3839 xxxvn.
645 3793 730 3840 ⁶1.
761 3792 938 3840 Arate.

306 3864 387 3926 §9
420 3866 688 3930 Opimium]
723 3868 854 3917 Vide
878 3868 1113 3932 superius
1139 3881 1188 3918 c.
1212 3873 1296 3920 17.

251 3933 333 3986 nbi
350 3939 416 3991 de
437 3941 699 4007 Graccho,
731 3951 787 3993 et
814 3945 1020 4009 reliquis
1058 3943 1297 3995 tribunis.

252 4011 407 4066 Mack.

310 4089 505 4143 Privato
523 4093 744 4157 eonsiIio]
775 4095 916 4145 Vide
947 4096 1117 4147 Cicer.
1141 4097 1294 4149 Orat·

254 4163 299 4212 in
328 4166 475 4220 Catil.
506 4183 546 4219 ι.
580 4175 630 4222 2.
668 4180 727 4220 et
759 4173 945 4222 multos
973 4173 1122 4223 alios.
1187 4174 1292 4225 Sed

252 4243 439 4304 privato
462 4247 678 4299 consilio
696 4246 783 4298 bic
804 4249 924 4313 erit,
944 4249 1065 4314 qnia
1079 4251 1166 4301 ille
1189 4251 1295 4316 pri·

1039 4431 1076 4477 Φ

2325 353 2458 420 669

1388 514 1539 558 vatus
1573 510 1777 559 senatui
1816 516 1997 559 auctor
2032 503 2214 573 fuerit,
2253 503 2312 561 nt
2350 512 2456 561 tale

1388 587 1902 636 senatusconsultum
1959 586 2130 642 fieret.
2183 600 2286 652 quo
2341 593 2457 638 teta

1388 674 1529 723 resp.
1555 663 1705 712 Coss.
1726 663 2136 725 permitteretur.
2167 662 2344 713 Arses.

1452 739 1480 802 §
1523 742 1585 788 1⁰
1624 739 1940 805 Praesidiam]
1988 740 2127 792 Quia
2158 740 2275 790 loco
2303 742 2456 805 jusso

1384 812 1552 863 bostis
1574 814 1827 879 impetum
1847 829 1949 865 non
1975 815 2309 866 sustinuerat.
2342 818 2458 868 Ma·

1387 889 1529 939 chun.

1460 965 1651 1028 Vetuit]
1675 966 1868 1017 Vetavit
1883 965 2001 1016 libri
2025 966 2241 1032 antiqui.
2266 968 2457 1019 Seston.

1452 1043 1566 1106 §11
1604 1039 1795 1103 Socios]
1831 1040 2225 1093 Confoederatos
2259 1045 2455 1109 populo

1388 1116 1639 1167 Romano.
1674 1118 1837 1167 Maeli.
1903 1118 2082 1170 Valer.
2106 1133 2193 1168 ιιι.
2214 1123 2264 1169 7.
2299 1122 2454 1171 aliam

1387 1204 1617 1242 caussam
1637 1189 1793 1244 affert
1808 1194 2037 1242 accusati
2055 1194 2254 1245 Scauri.
2278 1195 2455 1247 Schot-

1388 1272 1481 1318 188.
2521 1315 2527 1321 .

1449 1345 1533 1394 Ad
1551 1344 1795 1409 populum]
1831 1345 1918 1396 Sic
1935 1345 2072 1410 lego.
2118 1346 2250 1397 Mss-
2273 1362 2454 1398 omnes

1385 1423 1513 1482 apud
1534 1423 1769 1485 pop-lam.
1836 1422 1927 1472 Sic
1947 1432 2003 1472 et
2027 1423 2246 1473 Parisin.
2268 1424 2452 1474 Coton.

1387 1503 1443 1546 et
1466 1497 1754 1547 Mediolan.
1786 1497 1974 1547 Sekott.
2034 1496 2117 1547 Aa
2139 1498 2454 1550 Boenderm.

1385 1570 1611 1636 Agripp.
1640 1581 1696 1622 et
1719 1573 1855 1622 Ven.
1890 1573 2149 1637 quomodo
2183 1575 2306 1625 alibi
2343 1590 2451 1626 mu·

1384 1649 1486 1698 tari
1508 1649 1730 1701 vidimus
1752 1666 1868 1715 sup.
1891 1666 1938 1701 c.
1957 1655 2038 1701 60.
2059 1653 2086 1716 §
2112 1656 2162 1701 2.
2217 1653 2362 1703 Infra
2384 1655 2450 1705 de

1384 1724 1579 1774 Cesar.
1599 1740 1646 1775 c.
1669 1730 1719 1775 8.
1743 1728 1771 1791 §
1794 1731 1844 1777 8.
1878 1731 1894 1757 ‘
1920 1728 2149 1792 Egregia
2185 1728 2252 1778 ad
2285 1745 2450 1795 popu-

1381 1801 1489 1849 lum
1535 1802 1674 1852 iuter
1717 1810 1896 1866 partes
1933 1802 2052 1868 (seu
2102 1802 2290 1869 putres)
2331 1819 2451 1856 curn

1381 1876 1633 1926 militibus
1672 1876 1867 1940 gessit?
1933 1878 2119 1929 Cicero
2141 1893 2239 1942 pro
2262 1881 2378 1930 Mil.
2401 1889 2450 1932 c.

1384 1956 1464 2002 16.
1498 1953 1516 1980 ⁸
1539 1952 1756 2003 Privato
1777 1954 1978 2003 Milone
2000 1960 2055 2003 et
2078 1968 2169 2003 reo
2191 1955 2255 2005 ad
2283 1970 2450 2021 popu-

1381 2026 1508 2089 lum,
1527 2035 1807 2079 accusante
1823 2030 1886 2079 Ρ.
1905 2029 2129 2080 Clodio.'
2142 2038 2198 2082 et
2216 2033 2280 2090 de
2297 2034 2451 2084 Orat.

1383 2118 1451 2153 ιι.
1472 2109 1554 2155 12.
1573 2107 1588 2134 ‘
1610 2106 1864 2156 Mandata
1879 2107 1986 2158 sint
2008 2109 2336 2172 exponenda,
2354 2118 2449 2164 aut

1381 2181 1436 2231 in
1470 2191 1658 2233 senatu
1695 2182 1761 2233 ab
1799 2183 2119 2249 inperatore,
2147 2192 2237 2237 aut
2269 2188 2334 2235 ad
2370 2188 2446 2237 in⁴

1382 2267 1676 2322 peratorem
1702 2266 1793 2309 aut
1816 2260 1880 2309 ad
1905 2275 2104 2325 regem,
2131 2271 2222 2313 aut
2256 2263 2320 2312 ad
2355 2279 2449 2328 po·

1382 2336 1564 2397 pulum
1620 2337 1844 2400 aliquem
1888 2354 1919 2388 a
1972 2339 2188 2389 senatu.'
2271 2341 2447 2391 Livius

1383 2424 1575 2461 xxvn.
1593 2417 1673 2461 10.
1705 2417 1720 2441 ‘
1738 2414 1914 2479 lisque
1939 2416 2120 2478 gratiae
2142 2425 2196 2466 et
2219 2417 2272 2466 in
2295 2431 2448 2467 sena-

1380 2494 1439 2537 tu
1479 2496 1536 2537 et
1576 2489 1641 2538 ad
1688 2491 1934 2553 populum
1972 2492 2139 2542 acte?
2207 2493 2447 2544 Summus

1382 2564 1677 2615 Gronovius
1693 2567 1824 2616 Oba.
1842 2582 1918 2618 lv.
1931 2573 1984 2619 6.
2003 2568 2187 2618 Heins.
2203 2569 2270 2618 ad
2291 2570 2448 2620 ovid.

1380 2642 1520 2693 Fast.
1543 2655 1622 2691 tv.
1644 2646 1760 2693 81⁰.
1786 2651 1843 2693 et
1876 2645 1988 2709 quis
2023 2646 2161 2695 non?
2227 2647 2343 2696 Nec
2366 2645 2448 2696 of·

1376 2716 1579 2779 frendat,
1600 2719 1737 2784 quod
1772 2723 2009 2783 proxime
2045 2722 2156 2771 baec
2193 2724 2445 2784 particula

1376 2797 1680 2859 proecedat3
1713 2799 1838 2847 talia
1871 2798 2005 2848 enim
2031 2797 2168 2862 apud
2196 2799 2444 2850 Nostrum

1377 2872 1552 2933 obvia,
1577 2873 1665 2937 qui
1693 2874 1756 2921 ad
1791 2874 1951 2923 hasce
1983 2875 2225 2925 minutias
2259 2890 2444 2938 parum

1376 2947 1637 2999 adtendit.
1705 2951 1869 2999 Porro
1899 2964 1964 3000 ea
1992 2952 2165 3000 omnia
2198 2953 2261 3000 ad
2294 2967 2443 3016 popis-

1375 3027 1474 3074 lum
1511 3039 1678 3090 usque
1716 3026 1926 3087 coiigs’sse
1957 3040 2062 3076 non
2099 3027 2358 3091 adparent
2387 3029 2443 3077 in

1343 3100 1350 3105 ’
1376 3100 1528 3149 Leid.
1548 3104 1599 3151 2.
1631 3099 1810 3151 Arm.

1449 3177 1624 3228 Varius
1643 3176 1976 3240 Sucronensis]
2010 3177 2098 3229 Sic
2121 3178 2256 3243 lego.
2322 3178 2440 3229 Me-

1375 3252 1567 3303 diolan.
1640 3254 1816 3305 Varias
1867 3252 2146 3305 Veronensis
2168 3255 2444 3310 ,AEmilium

1375 3330 1612 3380 Scaurum
1651 3332 1725 3380 ait
1766 3335 1814 3380 et
1846 3331 1996 3381 sorios
2029 3345 2165 3381 orma
2200 3332 2408 3393 coiigisse
2421 3348 2443 3391 ‚·

1373 3421 1473 3457 non
1509 3412 1701 3472 placet.
1757 3407 1976 3458 Aldinns
1998 3407 2117 3457 cod.
2152 3399 2329 3459 Suria·
2348 3408 2442 3457 Sa-

1372 3486 1630 3540 cr'oaensis.
1664 3485 1758 3535 sed
1791 3485 1982 3535 oblitus
2016 3498 2073 3534 se
2107 3484 2283 3549 paullo
2315 3493 2440 3536 ante

1376 3565 1640 3613 tribunum
1676 3562 1846 3627 plebis
1868 3562 2085 3612 Varium
2112 3564 2401 3627 appellasse
2423 3578 2438 3613 ε

1373 3640 1609 3703 sequitur
1626 3645 1803 3688 tamen
1826 3652 1941 3688 eam
1974 3638 2250 3688 lectionem
2269 3637 2440 3702 Lyco·

1375 3716 1619 3776 stbenes3
1660 3713 1941 3765 Asconium
1965 3714 2215 3764 arbitrum
2247 3715 2441 3764 consti-

1374 3798 1482 3848 tuo,
1499 3792 1577 3842 sic
1597 3793 1735 3841 enim
1760 3790 1825 3840 ad
1849 3790 1937 3840 illa
1955 3790 2223 3840 Ciceronis
2248 3803 2342 3853 pro
2359 3791 2439 3840 Μ.

1374 3868 1607 3918 Scauro=
1660 3870 1677 3894 ⁴
1699 3866 1786 3917 Ab
1808 3867 1989 3917 eodem
2013 3867 2168 3916 etiam
2193 3867 2310 3929 lege
2333 3866 2440 3915 Va-

1375 3945 1452 3993 ria
1473 3944 1758 3994 custosille
1792 3943 2091 4007 reipublicae
2130 3940 2439 4005 proditionis

1373 4011 1456 4069 es't
1480 4022 1533 4069 in
1557 4022 1755 4070 crimen
1786 4027 2002 4069 vocatus
2020 4034 2036 4067 ι
2073 4024 2288 4067 vexatus
2311 4031 2345 4066 a
2365 4018 2438 4070 Q.

1371 4097 1534 4148 Vario
1558 4097 1767 4147 tribuno
1789 4096 1956 4161 plebis
1980 4108 2082 4144 non
2106 4094 2269 4144 multo
2292 4102 2437 4144 ante.

1371 4171 1592 4223 Innixus
1668 4171 1864 4237 (inquit
1931 4168 2220 4234 Pedianus)
2297 4185 2467 4224 anno,

1371 4260 1556 4299 nxxu.
1610 4247 1933 4298 nobilissimis
1980 4246 2262 4311 ,iuvenibus
2313 4261 2435 4311 pro·
