3025 4934
580 454 863 507 AUREL.
896 444 1096 501 VICT·
1128 449 1350 499 VlROS
1399 447 1753 500 umusvlt.
1800 447 1966 497 CAP.
2012 449 2217 504 XXX.

319 602 407 651 hoc
434 600 549 649 loco
587 605 643 647 et
677 598 730 648 in
765 596 831 646 P.
859 595 1028 645 Decio
1051 599 1356 645 constanter

323 677 537 726 Corvinus
555 675 808 730 scribunt,
830 687 927 723 nec
958 672 1098 721 enim
1132 684 1356 721 commo·

318 754 376 802 de
400 754 574 803 Corvus
605 750 854 815 appellari
879 747 1101 799 videtur.
1166 748 1354 796 Assen-

315 829 406 878 tior
422 830 576 892 igitur
598 829 675 877 Μ.
700 826 928 877 Antonio
945 825 1174 880 Mun-eto,
1188 823 1277 888 qui
1299 823 1354 872 in

316 907 383 955 Ιιίι
403 908 551 957 rebus
574 921 675 956 non
699 918 1013 969 magnopere
1037 902 1353 954 contendeu-

315 984 421 1033 dum
445 990 642 1033 censet.
707 981 857 1035 Quod
886 980 1021 1029 enim
1041 985 1235 1042 praeter
1250 979 1353 1027 Eu-

315 1059 541 1109 stathium
581 1058 709 1108 illud
765 1056 1029 1118 Propertii
1080 1055 1354 1112 advocent,

311 1145 400 1184 non
430 1151 510 1186 me
553 1143 761 1185 movet:
798 1135 904 1183 ‘Et
946 1132 1031 1183 cui
1065 1146 1352 1196 cognomen

320 1212 468 1260 Corus
521 1212 724 1262 babere
777 1208 922 1259 dedit
941 1210 975 1259 ι’
1019 1210 1149 1259 nibil
1200 1209 1339 1258 enim

312 1289 597 1338 convincit:
652 1286 931 1338 Claudiani
986 1285 1351 1335 auctoritatem

310 1378 569 1428 opponam,
592 1365 683 1429 qui
705 1364 782 1412 sic
806 1363 858 1410 in
883 1363 1102 1424 Eutrop.
1136 1369 1151 1391 ⁸
1170 1359 1348 1423 Agmi-

308 1452 367 1487 na
393 1440 673 1490 Brutorum
707 1438 1151 1502 Corvinorumque
1181 1445 1351 1487 cater-

309 1516 412 1566 va:'
440 1517 527 1567 ubi
551 1524 606 1565 et
627 1517 875 1576 Brutum,
897 1516 983 1579 qui
998 1529 1148 1577 reges
1171 1514 1354 1577 ejecit,

306 1595 520 1658 respicit,
542 1601 601 1644 et
625 1594 906 1654 Corvinum,
929 1592 1015 1657 qui
1038 1592 1231 1654 primus
1253 1592 1352 1642 hoc

304 1684 568 1732 cognomen
593 1670 734 1720 tulit.
782 1670 852 1718 Et
876 1668 1122 1717 Manilius
1145 1666 1352 1731 Augus-

302 1745 339 1793 ti
369 1746 575 1809 aequalis
624 1745 887 1794 Corvinum
929 1744 1125 1793 diserte
1160 1751 1346 1794 vocat:

302 1819 402 1871 ‘Et
431 1837 547 1872 cum
595 1820 787 1871 militia
822 1820 1049 1869 volucris
1095 1820 1349 1869 Corvinus

301 1898 526 1961 adeptus,
569 1900 643 1948 Et
688 1898 874 1962 spolia,
917 1905 972 1946 et
1010 1911 1214 1953 nomen,
1260 1898 1348 1959 qui

301 1981 458 2034 gestat
500 1977 554 2025 in
595 1976 722 2025 alite
769 1974 1060 2025 Phoebnm.’
1101 1974 1344 2024 Schottus.

300 2049 553 2115 Quotquot
593 2058 768 2101 tamen
815 2050 969 2099 bodie
1012 2051 1345 2100 inveniuntur

298 2127 489 2185 eruditi,
530 2142 712 2194 omues
745 2127 946 2191 Sigouii
978 2133 1037 2176 et
1073 2127 1342 2177 Fastorum

302 2213 574 2268 sequuntur
596 2205 982 2254 auctoritatem.
1039 2204 1252 2253 Hearne
1276 2204 1342 2253 ad

301 2279 506 2345 Eutrop.
522 2296 588 2332 11.
602 2285 655 2331 6.
678 2282 856 2330 Vales.
879 2281 943 2330 ad
973 2280 1112 2330 Gell.
1139 2294 1225 2330 tx.
1262 2285 1343 2330 11.

297 2357 496 2408 Tot-reu.
529 2360 595 2409 ad
619 2360 742 2408 Vel.
766 2359 909 2408 Μαι.
931 2372 1021 2408 ιιι.
1041 2363 1090 2409 2.
1111 2373 1196 2407 ex.
1217 2363 1267 2407 6.
1289 2367 1344 2409 et

298 2447 413 2496 quos
440 2435 676 2485 laudavit
702 2435 901 2484 Duker.
926 2434 991 2483 ad
1028 2435 1171 2484 Flor.
1198 2449 1237 2484 1.
1264 2439 1344 2484 13.

297 2508 417 2570 820.
481 2511 744 2560 Corvinum
764 2524 831 2558 ex
861 2510 1119 2560 sententia
1142 2510 1342 2560 Mureti

294 2584 351 2631 ad
393 2577 640 2650 Pro'pert.
686 2587 769 2636 ΕΙ.
811 2600 900 2636 ιιι.
955 2592 1004 2635 9.
1047 2588 1131 2637 hic
1166 2594 1344 2637 tuetur

298 2665 553 2724 Schottus,
575 2664 825 2716 Ciofanus
861 2665 925 2715 ad
959 2666 1117 2715 Ovid.
1140 2666 1280 2716 Fast.
1302 2680 1343 2717 1.

295 2746 399 2792 602.
421 2751 476 2792 et
497 2744 746 2793 Britann.
771 2743 836 2791 ad
855 2743 1046 2794 Juven.
1068 2743 1179 2792 Sat.
1200 2757 1239 2791 1.
1265 2757 1341 2792 vs.

297 2822 397 2867 108.
428 2835 647 2884 quorum
684 2834 781 2883 ego
816 2820 1048 2883 opinioni
1086 2820 1342 2869 calculum

298 2895 500 2958 adjicio.
587 2896 807 2946 Movent
860 2910 945 2944 me
1000 2904 1181 2958 aperta
1220 2911 1341 2960 poe-

294 2977 452 3020 tarum
497 2972 818 3028 testimonia,
859 2986 975 3035 quae
1016 2970 1201 3020 fallere
1241 2985 1341 3020 non

292 3056 515 3107 possunt.
582 3046 698 3096 Illis
731 3046 867 3096 addo
885 3047 1342 3098 Juvenalem‘Sat.

289 3134 403 3174 vui.
425 3128 476 3174 4.
510 3130 529 3152 ⁴
553 3125 624 3173 Et
642 3123 827 3172 Curios
840 3123 952 3187 jam
973 3123 1233 3186 dimidios,
1247 3124 1340 3172 hu·

288 3212 554 3265 merosque
598 3200 847 3249 minorem
886 3198 1204 3249 Corvinum.'
1270 3200 1342 3249 Et

288 3275 396 3326 hinc
437 3276 662 3328 fortasse
706 3278 808 3326 erit
843 3276 981 3340 quod
1019 3277 1340 3327 ‘Corvinus'

289 3358 341 3400 et
356 3352 374 3378 ‘
394 3354 685 3418 Torquatos
706 3356 720 3380 ’
742 3353 983 3417 junxerit
1018 3354 1214 3403 Lucan.
1237 3367 1341 3405 vu.

292 3432 396 3479 584.
426 3437 442 3459 ‘
464 3429 823 3495 Corvinosque
846 3429 1016 3485 simul,
1047 3430 1338 3494 Torquata-

290 3518 380 3567 que
433 3509 662 3566 nomina,
709 3522 889 3570 regum
942 3508 1099 3571 Saepe
1146 3506 1322 3557 duces.
1326 3506 1342 3532 '

290 3582 516 3634 Secundo
538 3585 653 3633 loco
673 3585 770 3634 hac
792 3584 846 3632 iu
860 3591 1020 3647 parte
1046 3598 1126 3633 me
1150 3585 1338 3635 confir·

288 3671 390 3710 mat
409 3660 668 3709 unanimis
694 3660 824 3711 Mss.
845 3673 1142 3709 consensus.
1179 3660 1340 3724 Apud

291 3733 417 3786 Gell.
439 3750 519 3786 ιιι.
543 3740 622 3785 11.
645 3735 916 3785 censorin.
942 3736 1009 3785 de
1030 3737 1137 3786 Die
1158 3738 1339 3788 Natali

290 3824 334 3861 c.
357 3816 437 3864 17.
456 3814 473 3841 ⁴
496 3813 576 3862 M.
600 3811 810 3860 Valerio
841 3811 1083 3873 Corvino,
1106 3813 1170 3863 C.
1195 3814 1339 3863 Peti-

289 3886 354 3935 lio
376 3888 541 3939 eoas:
559 3895 614 3938 et
640 3888 787 3937 sicin
812 3887 1068 3938 Chronico
1085 3903 1179 3939 suo
1212 3890 1336 3940 Cas·

289 3963 411 4015 siod.
434 3973 490 4014 et
510 3965 783 4015 Variarum
807 3964 978 4028 Epist.
1002 3978 1061 4014 x.
1090 3968 1167 4015 11.
1199 3966 1216 3993 ‘
1239 3966 1333 4017 At-

291 4054 384 4101 que
400 4040 553 4089 nobis
576 4040 773 4088 ‘Marios
797 4041 879 4088 vel
904 4040 1153 4089 Corvinos
1181 4057 1338 4093 auno-

291 4115 387 4165 sior
421 4118 531 4167 vita
565 4116 876 4165 servasset.'
953 4117 1117 4167 Tacit.
1149 4119 1338 4170 Annal.

291 4204 331 4240 ι.
365 4194 414 4240 9.
454 4195 474 4222 ⁴
497 4193 758 4242 Numerus
788 4192 943 4241 etiam
978 4196 1334 4245 consulatuum

293 4268 668 4331 celebrabatur,
705 4284 808 4333 quo
851 4269 1114 4318 Valerium
1158 4271 1336 4321 Corvi-

291 4357 406 4396 num
428 4353 484 4397 et
502 4344 564 4398 C.
585 4344 812 4396 Marium
834 4344 985 4396 simul
1007 4347 1338 4413 aequaverat.’

2358 437 2490 503 565

1430 594 1621 659 Neque
1646 593 1784 659 apud
1819 594 2040 657 Eutrop.
2077 594 2186 643 ulla
2218 593 2490 646 varietatis

1427 684 1495 719 ex
1531 672 1661 721 Μαι.
1697 670 1909 731 mentio,
1946 678 2003 719 et
2028 662 2108 719 'sic
2142 669 2278 733 apud
2311 672 2490 722 Valet.

1427 749 1577 799 Max.
1618 749 1756 798 Flor.
1792 747 2035 798 Ciceron.
2065 746 2220 797 Orat.
2258 748 2396 798 Phil.
2435 761 2490 798 v.

1428 828 1510 874 17.
1550 826 1706 877 Oros.
1740 838 1829 875 ιιι.
1869 828 1920 873 6.
1957 825 1976 855 ⁴
1998 824 2297 875 Auxillaute
2332 833 2489 875 corvo

1428 903 1574 964 alite,
1597 902 1735 952 uude
1766 909 1948 965 postea
1981 901 2234 951 Corvinus
2265 907 2350 951 est
2382 902 2490 951 dic-

1426 987 1544 1030 tus
1531 980 1566 1008 ·’
1600 994 1701 1044 qno
1728 980 1844 1029 loco
1881 978 2139 1027 Corvinum
2169 992 2238 1027 ex
2271 978 2490 1029 Manilio

1427 1058 1585 1107 etiem
1646 1063 1824 1106 tuetur
1880 1055 2168 1105 Fabricius.
2266 1053 2489 1105 Plinium

1426 1132 1573 1182 Hist.
1596 1132 1724 1182 Nat.
1748 1144 1853 1181 vu.
1876 1134 1958 1181 48.
1979 1139 2035 1180 et
2060 1129 2259 1180 Ausuu.
2277 1132 2491 1182 iuPuu.

1425 1221 1544 1271 cap.
1577 1210 1658 1255 11.
1694 1209 1804 1272 §2
1838 1205 1926 1255 nbi
1967 1206 2137 1255 omnia
2172 1204 2491 1269 exemplaria

1430 1283 1691 1333 Corvinum
1722 1283 1952 1332 retinere
1989 1290 2214 1332 testatur
2252 1283 2490 1333 Vinetus.

1425 1360 1585 1424 Apud
1619 1361 1866 1411 Nostrum
1893 1367 2068 1409 autem
2105 1360 2255 1409 Leid.
2279 1365 2329 1410 1.
2366 1362 2487 1410 Cor·

1422 1438 1620 1487 cini-s.-
1651 1438 1806 1487 Fran.
1845 1437 2087 1486 Cercius.-
2121 1443 2177 1487 et
2200 1438 2275 1486 sic
2299 1436 2488 1500 κύρβιας

1426 1514 1622 1565 dicitur
1666 1514 1807 1577 apud
1859 1514 2071 1565 Suidam
2118 1514 2172 1563 iu
2213 1511 2486 1606 Ἀμῦσσειθ.

1426 1592 1604 1643 Arntz.

1489 1668 1691 1732 Dictus]
1724 1670 1794 1719 Et
1824 1682 1926 1718 uua
1962 1683 1991 1716 a
2026 1668 2234 1716 consule
2273 1674 2483 1719 centum

1423 1746 1589 1797 bobus
1625 1757 1681 1797 et
1716 1761 1908 1797 corona
1942 1759 2098 1794 aurea
2134 1744 2357 1794 donatus
2388 1752 2487 1795 est·

1423 1823 1593 1965 Μξσζ.
1593 1898 1719 1962 Hic]
1753 1897 1842 1947 Ita
1872 1896 2167 1983 scripsimus
2191 1909 2308 1944 cum
2335 1895 2403 1944 0.
2427 1897 2480 1946 S.

1421 1982 1477 2027 et
1499 1976 1654 2026 editt.
1677 1977 1850 2024 nescio
1871 1973 2077 2022 undem
2090 1971 2287 2020 minore
2304 1972 2487 2021 schot-

1419 2055 1461 2103 ti
1484 2062 1541 2103 et
1563 2053 1676 2102 aliis
1701 2050 2037 2117 sequentibus
2061 2048 2330 2112 irrepserit
2350 2047 2480 2098 hinc.

1418 2128 1603 2179 Arutz.

1485 2205 1787 2256 Necessitate
1798 2201 2104 2267 compulsans]
2127 2200 2373 2251 Scribunt
2390 2215 2483 2250 an-

1416 2284 1551 2349 tiqui
1575 2283 1703 2332 libb.
1724 2284 1982 2345 compulsa‚'
2000 2288 2057 2328 ut
2084 2281 2148 2329 ad
2183 2278 2481 2329 multitudi-

1417 2374 1535 2408 nem
1556 2356 1833 2417 referatur.
1900 2356 2114 2406 Constat
2138 2355 2272 2404 euim
2297 2353 2481 2403 ducem

1419 2435 1769 2485 desideratum
1806 2448 1836 2481 a
1871 2430 2176 2494 transfugis.
2239 2429 2480 2479 Alterum

1418 2525 1570 2576 aeque
1608 2511 1844 2576 quadrat,
1872 2510 2010 2573 quod
2045 2507 2480 2557 animadvertenti

1417 2586 1575 2637 facile
1610 2599 1946 2649 persuasero:
1979 2585 2031 2633 vi
2071 2584 2209 2633 enim
2243 2590 2298 2632 et
2327 2583 2479 2632 minis

1415 2671 1628 2714 coactus
1649 2662 1927 2713 Quinctius
1957 2661 2230 2724 imperium
2252 2661 2479 2724 accepit.

1417 2741 1608 2791 Schott.

1481 2820 1602 2868 AEre
1619 2816 1795 2881 alieno]
1825 2817 1844 2846 ‘
1869 2815 1957 2865 AEs
1984 2814 2249 2865 aliennm'
2286 2814 2481 2864 dicitur

1416 2896 1555 2960 quod
1584 2909 1674 2943 nos
1709 2894 1821 2943 aliis
1850 2893 2116 2957 debemus,
2149 2893 2301 2955 vulgo
2331 2893 2479 2941 debis

1415 2977 1526 3020 tum
1551 2978 1759 3019 vocant.
1792 2968 1959 3017 Mucii.

1476 3047 1620 3097 Cae.
1645 3058 1783 3096 xxx.
1798 3046 1826 3108 ς
1847 3049 1875 3093 1
1898 3044 2034 3093 Τιίιιι
2056 3041 2304 3105 Veturius]
2327 3043 2481 3094 Caius

1414 3130 1533 3173 erut
1570 3124 1626 3171 iu
1668 3121 1881 3177 Aldine,
1922 3119 2146 3169 Mediol.
2183 3119 2478 3183 ceterisque

1414 3199 1669 3265 antiquis;
1706 3198 1797 3247 sed
1828 3199 1967 3247 Titus
1990 3197 2041 3244 in
2065 3196 2235 3245 Fastis
2257 3195 2475 3259 Capito*

1413 3276 1550 3325 linis.
1618 3272 1989 3325 ‘Postumius’
2027 3286 2151 3320 vero
2192 3286 2223 3320 a
2267 3272 2478 3321 Plutar

1412 3354 1530 3416 cho,
1576 3352 1665 3401 nbi
1710 3352 1777 3400 de
1812 3350 1964 3400 clade
2000 3349 2235 3399 Caudina
2267 3349 2474 3405 scribit,

1411 3427 1706 3478 ‘Albinus’
1764 3436 1999 3477 vocatur·
2083 3426 2250 3476 Fuere
2305 3415 2473 3488 primo

1414 3506 1559 3553 Coss.
1594 3505 1745 3554 simul
1772 3517 1906 3552 anuo
1943 3515 2142 3552 cnxtx.
2179 3504 2473 3567 iterumque

1411 3580 1511 3630 boc
1553 3580 1691 3629 bello
1728 3591 1991 3628 cnxxxn.
2026 3578 2214 3628 Schott.
2282 3580 2477 3630 ‘Titi’

1417 3669 1711 3719 praenomen
1728 3656 1845 3703 unic
1861 3663 2064 3719 quoque
2075 3656 2270 3704 consuli
2288 3656 2474 3706 tribuit

1414 3734 1598 3783 Cicero
1618 3733 1685 3781 de
1710 3730 1863 3781 Offic.
1887 3743 1977 3780 ιιι.
1997 3735 2081 3780 30.
2104 3740 2159 3780 et
2187 3732 2255 3781 de
2278 3732 2474 3783 Senec-

1412 3816 1526 3860 tute
1549 3825 1596 3859 c.
1625 3814 1702 3858 19.
1724 3809 1944 3870 Eutrop.
1962 3821 2026 3857 ιι.
2045 3811 2095 3857 9.
2115 3809 2293 3858 Livius
2319 3822 2399 3859 ιι.
2422 3813 2471 3861 1.

1412 3887 1605 3952 etalii:
1641 3885 1775 3949 quod
1797 3892 1941 3935 recte
1959 3885 2114 3933 etiam
2140 3883 2289 3946 vidit,
2310 3894 2364 3933 et
2388 3901 2471 3934 er·

1410 3978 1581 4014 rorem
1608 3962 1804 4014 Aurelii
1834 3962 2045 4025 agnovit
2077 3961 2295 4025 Pighius
2330 3960 2472 4014 Αιιη.

1409 4049 1535 4091 tom.
1555 4054 1597 4089 1.
1622 4053 1674 4103 p.
1694 4042 1809 4088 848.
1878 4039 2013 4088 Nam
2032 4038 2253 4087 librariis
2271 4038 2471 4088 adscri-

1409 4118 1535 4166 bere
1577 4116 1677 4166 hoc
1730 4115 1912 4166 vitium
1965 4129 2068 4165 nou
2123 4116 2305 4172 audeo,
2349 4131 2466 4191 cum

1407 4194 1610 4245 Schotti
1644 4193 1799 4244 codd.
1836 4193 2000 4244 nostri
2042 4202 2096 4244 et
2136 4193 2254 4243 edd.
2292 4194 2468 4245 Caium

1409 4271 1707 4322 exhibeant.
1742 4269 1914 4320 Amtz.

1473 4348 1536 4398 Ιιι
1556 4346 1760 4396 insidias
1786 4345 2002 4411 deducti]
2040 4345 2144 4397 Per
2170 4347 2372 4399 insidias
2390 4357 2466 4400 se-
