3025 4934
542 368 674 437 850

543 540 591 584 1.
624 532 761 596 quod
793 533 1097 595 amplector.
1163 531 1217 581 Si
1251 531 1387 581 enim
1406 531 1608 581 nimium

544 611 763 660 addatur
786 609 1004 670 nomini,
1041 607 1154 657 hoec
1188 608 1292 659 duo
1326 607 1608 672 conjuncta

543 687 912 750 superlativum
992 685 1208 748 gradum
1286 687 1608 748 exprimunt.

496 788 510 800 .
538 762 854 826 Propertius
879 762 960 811 El.
986 775 1048 812 11.
1070 766 1153 811 23.
1168 765 1251 811 99.
1285 764 1301 790 ‘
1319 762 1369 811 Ο
1393 760 1607 812 nimium

539 847 723 888 nostro
781 837 987 887 felicem
1055 846 1294 900 tempore
1352 835 1608 887 Romam?

543 916 852 979 Spartianus
877 914 1148 963 Hadriano
1171 930 1220 964 c.
1238 918 1322 963 21.
1368 914 1383 941 ‘
1408 912 1456 964 A
1474 899 1607 963 uiui-

542 991 685 1042 tibus
710 998 930 1054 propter
959 1004 1136 1041 curam
1165 989 1430 1039 exercitus
1455 988 1606 1038 nimi-

444 1097 449 1102 ·
540 1082 623 1118 nm
647 1069 864 1118 multum
894 1067 1163 1117 adamatus
1188 1064 1310 1116 est.’
1363 1065 1606 1116 Claudia-

539 1160 639 1195 nus
663 1145 819 1195 Cous.
835 1125 1063 1207 Olyblet
1085 1143 1243 1193 Prob.
1263 1146 1432 1192 vs.80.
1462 1143 1478 1170 ‘
1494 1140 1607 1191 Aut

538 1217 725 1270 nimias
746 1221 925 1270 laudes
949 1221 1154 1283 ignoret
1171 1218 1398 1283 Olybri.'
1422 1219 1474 1268 in
1496 1219 1606 1268 Ru-

538 1296 629 1346 fin.
650 1312 689 1347 ι.
713 1302 827 1347 166.
857 1305 872 1327 ⁶
893 1298 1228 1362 Nimiumque
1252 1296 1423 1346 elatus
1447 1309 1605 1345 avaro

536 1375 784 1424 Pascitur
822 1372 1052 1425 intuitu?
1094 1374 1402 1437 Eutropius
1436 1386 1493 1422 x.
1524 1376 1606 1424 16.

539 1451 556 1477 ‘
579 1451 783 1501 Nimius
802 1451 1064 1515 religionis
1103 1449 1411 1499 Christianae
1436 1449 1605 1498 insec-

538 1527 747 1580 tator2'
779 1528 868 1593 qui
892 1530 1035 1577 locus
1057 1528 1133 1576 sic
1167 1529 1249 1576 vel
1283 1527 1396 1576 sine
1429 1539 1605 1574 emen-

537 1604 750 1655 datione
786 1607 979 1668 exponi
1011 1611 1206 1667 potest.
1261 1602 1604 1667 Symmachus

461 1677 464 1696 ¹
535 1683 708 1745 Epist.
732 1697 787 1731 v.
808 1686 893 1732 74.
937 1691 954 1713 ·
975 1682 1103 1731 Esse
1125 1681 1304 1730 inillis
1328 1678 1603 1729 scientiam

528 1758 665 1821 juris
688 1759 929 1809 idoneam
948 1757 1137 1808 nimis?
1167 1757 1315 1807 Dict.
1335 1755 1603 1806 Cretensis

536 1848 627 1883 ιιι.
651 1839 732 1884 13.
772 1836 798 1876 e‘
822 1835 1053 1885 Quarum
1078 1831 1368 1883 Diomeden
1390 1832 1602 1881 nimium

527 1910 711 1974 juveni
730 1919 786 1962 et
806 1912 947 1961 omni
965 1909 1163 1961 affectu
1179 1910 1379 1961 dilecta
1398 1901 1610 1959 fuerat?

534 1988 914 2039 Rittershnsius
956 1988 1022 2037 ad
1067 1988 1261 2038 Gunth.
1307 1987 1491 2051 Ligur.
1535 1986 1603 2037 de

535 2064 685 2115 Gest.
707 2064 1042 2115 Fred.·Batb.
1056 2077 1122 2113 ιι.
1137 2068 1253 2113 104.
1283 2069 1300 2093 ‘
1315 2063 1456 2115 Urbs
1474 2078 1603 2127 opu·

530 2141 678 2191 lenta
701 2139 886 2190 nimis!
952 2142 1024 2190 Et
1063 2140 1346 2190 Columbns
1379 2140 1443 2189 sd
1470 2141 1602 2190 Lac·

531 2218 758 2266 tautium
782 2217 946 2266 Mort.
969 2215 1182 2266 Persee.
1204 2232 1255 2266 c.
1275 2220 1358 2266 26.
1392 2218 1570 2267 Arutz.

597 2293 626 2355 ᾧ
652 2297 710 2342 11
746 2294 831 2342 Ad
852 2291 1200 2355 cognoscenda]
1235 2293 1402 2342 Favet
1425 2291 1605 2344 Guelf.

535 2377 589 2418 et
604 2368 755 2419 Leid.
775 2374 822 2417 1.
839 2383 956 2419 cnm
981 2369 1200 2420 vetustis
1222 2367 1344 2418 edd.
1410 2369 1495 2419 Ex
1516 2369 1603 2418 iis-

531 2444 653 2495 dem
687 2446 817 2495 Mss.
850 2459 968 2493 mox
1003 2443 1242 2496 dedimus
1279 2445 1603 2510 libertatique.

540 2523 728 2574 Arntz.
1538 2569 1545 2574 .

595 2605 626 2665 ς
652 2605 712 2651 13
749 2602 924 2651 Severa
958 2600 1222 2664 proecepta]
1267 2602 1460 2651 Melius
1501 2602 1604 2651 Cn·

526 2678 653 2743 jacii
699 2678 827 2727 Mss.
877 2693 1041 2728 severe
1092 2685 1350 2742 praeeepla.
1390 2677 1605 2729 ,Selinu-

538 2756 712 2805 Severe
735 2753 882 2803 Leid.
907 2747 956 2804 1.
987 2755 1165 2803 Arnlz.
1498 2747 1501 2750 ’

594 2834 622 2897 §
655 2836 718 2881 14
751 2832 797 2880 Δ
839 2837 1028 2880 natum
1065 2830 1283 2894 munere]
1336 2832 1382 2880 A
1423 2835 1605 2881 aalma

531 2908 664 2959 Mss.
686 2909 1100 2970 etveronensis,
1131 2922 1199 2957 ex
1230 2906 1417 2972 quibus
1438 2905 1497 2956 τὸ
1525 2907 1600 2956 ἀι·-

530 2987 714 3036 dicerat
736 3000 987 3051 superare
1018 2984 1211 3035 didici:
1249 2982 1414 3033 furcis
1437 2984 1602 3048 igitur

530 3065 790 3128 ejiciatur.
852 3063 991 3113 Mihi
1011 3076 1136 3112 sane
1162 3061 1257 3112 hic
1287 3060 1474 3125 dignus
1495 3061 1604 3109 vin·

530 3139 648 3190 dice
672 3139 835 3190 nodus
860 3138 1082 3195 videtur,
1107 3137 1197 3203 qui
1218 3151 1429 3187 manum
1449 3136 1513 3186 sd
1539 3135 1600 3185 fi-

528 3229 650 3264 nem
679 3216 984 3280 properanti
1017 3214 1218 3277 injicit3
1251 3220 1308 3262 et
1339 3213 1484 3276 cujus
1518 3226 1600 3261 so·

528 3292 860 3357 liuscausss
890 3307 995 3343 non
1029 3292 1167 3340 male
1204 3291 1256 3339 in
1293 3290 1600 3354 castiganda

529 3369 628 3419 hae
662 3370 912 3431 Epitoma
948 3376 1156 3431 tempus
1201 3368 1456 3429 posuisse,
1500 3380 1599 3416 nec

530 3460 746 3509 operam
809 3446 861 3494 in
909 3445 1113 3496 edendo
1164 3445 1350 3493 ,lusisse
1401 3442 1600 3493 videar.

531 3524 897 3587 conjecturam
922 3538 1231 3589 proponam,
1249 3530 1371 3586 post
1386 3538 1499 3572 eam
1519 3539 1598 3573 sr-

532 3600 964 3664 gumentis,·qua
1005 3608 1207 3663 potero,
1261 3598 1598 3649 confirmabo.

528 3677 879 3726 Floriacensis
901 3676 1016 3726 cod.
1037 3679 1160 3741 quod
1175 3676 1423 3739 Augustus
1440 3691 1471 3725 a
1489 3677 1597 3740 phi·

529 3755 755 3817 losephiae
789 3755 979 3803 doctore
997 3786 1013 3802 .
1033 3790 1046 3804 .
1063 3787 1080 3803 .
1096 3754 1237 3804 Hinc
1269 3752 1411 3803 forte
1435 3755 1599 3816 spati-

530 3846 618 3880 nm
643 3841 860 3881 vacuum
885 3831 1124 3880 relictum
1147 3829 1516 3880 abhaesitante
1537 3830 1596 3878 li-

529 3907 729 3964 brario,
754 3922 906 3973 quem
942 3908 1001 3956 in
1034 3921 1197 3957 vacua
1218 3907 1454 3957 mitteret
1476 3905 1600 3970 (οδε

527 3984 752 4033 literatis
777 3986 859 4034 vel
883 3990 1164 4044 vetustate,
1197 3983 1434 4048 perfidia,
1457 3997 1599 4033 erro·

531 4075 611 4117 re,
635 4063 716 4109 vel
730 4062 1075 4112 dubitationis
1091 4076 1273 4111 caussa
1286 4061 1603 4123 nominibus,

531 4147 595 4188 nt
617 4152 772 4203 supra
794 4139 846 4188 in
873 4138 1111 4202 Augusto
1137 4138 1203 4187 de
1236 4138 1410 4188 Ovidii
1437 4137 1600 4200 scrip-

532 4217 602 4266 tis
618 4231 738 4281 esp.
764 4222 812 4268 l.
849 4219 877 4281 ξ
912 4220 996 4268 24.
1021 4214 1291 4282 admonui)
1323 4215 1601 4267 Athenodo-

1237 386 1454 436 NOTAE
1508 384 1914 436 vAluonuM
1968 388 2104 436 IN*

1677 547 1787 582 rum
1822 547 1889 582 ne
1920 547 1985 582 an
2025 532 2252 583 Livium.-
2286 532 2530 583 Graecum
2563 532 2728 591 illnm3

1679 609 1815 659 hunc
1861 609 2194 659 Romanum·
2249 610 2387 659 Nem
2435 609 2732 670 Augustam

1681 685 1762 734 ed.
1797 685 2031 735 ‘Andreae
2058 687 2338 736 Crstaudri
2368 693 2424 735 et
2447 684 2735 753 sebastiani

1681 761 1903 827 Grypbii
1946 764 2105 812 aliter
2149 764 2326 828 paullo
2368 763 2482 812 haec
2524 770 2733 812 notant:

1689 840 1829 890 Unde
1840 841 2023 889 modica
2031 840 2264 891 dilutione
2276 839 2617 891 emolliebatur.
2636 838 2738 888 Ali-

1678 917 1866 979 quando
1884 931 2048 966 severa
2066 921 2306 980 precepta
2321 916 2488 965 habuit
2505 918 2565 964 de
2583 915 2740 977 Iaivio,

1676 995 1754 1044 vel
1773 996 1898 1057 quod
1921 994 2176 1056 Angustus
2189 1010 2221 1044 a
2235 995 2545 1059 philosophia
2557 996 2742 1043 doctore

1676 1070 1941 1121 didicerat.-
1985 1072 2069 1136 φη·
2099 1087 2227 1134 ema,
2258 1074 2341 1135 ξε.
2410 1070 2546 1122 Qnae
2591 1071 2741 1119 lectio

1679 1160 1783 1196 non
1804 1144 2002 1195 frustra
2024 1155 2108 1195 est
2131 1147 2186 1195 in
2212 1146 2378 1196 tribus
2410 1145 2590 1195 editis.
2625 1146 2746 1195 »Sed

1677 1222 1766 1285 qui
1802 1223 2088 1272 Patavinus
2129 1223 2307 1272 Livius
2349 1222 2746 1272 Theodosii.ae-

1679 1298 1875 1361 qualis?
1909 1299 2034 1364 Non
2056 1298 2218 1362 magis
2247 1312 2400 1362 quam
2433 1297 2617 1348 Livius
2640 1297 2743 1347 Au-

1678 1373 1924 1423 dronicns
1976 1373 2170 1438 poetaz
2226 1388 2343 1423 unm
2405 1373 2497 1422 ille
2547 1373 2746 1422 Tiberii

1678 1450 1979 1514 principatu
2015 1450 2168 1501 obiit.
2233 1450 2490 1500 Eusebius
2530 1451 2746 1500 Chroni-

1677 1525 1773 1573 οἱα.
1857 1527 2195 1589 Transposita
2234 1527 2397 1589 igitur
2442 1528 2610 1576 verba
2653 1529 2745 1576 ali·

1678 1600 1886 1663 quando
1906 1601 1983 1651 sic
2000 1602 2256 1651 collocare
2280 1602 2546 1651 tentabam
2566 1619 2582 1651 :
2620 1618 2745 1652 seve-

1675 1690 1735 1725 ra
1749 1682 1990 1740 precepta
2008 1677 2195 1739 habuit,
2213 1682 2270 1727 ut
2301 1678 2361 1726 de
2382 1678 2526 1726 Livio
2546 1680 2743 1739 Augus-

1677 1756 1756 1801 tus
1770 1753 2081 1817 philosophie
2102 1756 2318 1803 doctore:
2351 1755 2436 1817 qui
2457 1770 2583 1805 cum.
2639 1756 2747 1805 Sed

1678 1830 1843 1893 magis
1866 1838 1950 1880 est
1972 1836 2032 1880 ut
2055 1829 2252 1894 absque
2277 1831 2384 1880 ulls
2419 1834 2750 1896 transpositi-

1677 1919 1776 1956 one
1806 1906 2160 1969 intelligamus
2182 1905 2249 1956 de
2282 1908 2344 1955 Τ.
2362 1906 2499 1956 Livii
2523 1908 2751 1971 philoso-

1678 1977 1845 2046 phic'is
1870 1983 2080 2047 scriptis
2095 1991 2360 2046 praecepta
2373 1984 2604 2033 hausisse
2614 1985 2752 2034 Tbe-

1677 2061 1930 2111 odosinm.
1994 2060 2366 2125 Philosophica
2382 2061 2519 2111 enim
2540 2063 2753 2111 Livium

1678 2144 1872 2200 praeter
1916 2137 2166 2186 historice
2204 2138 2260 2186 in
2303 2138 2484 2187 literas
2528 2139 2755 2201 misisse,

1678 2215 2004 2279 posterisque
2027 2213 2325 2271 tradidisse,
2353 2215 2553 2263 Seneca
2577 2215 2755 2278 pbilo-

1677 2291 1867 2355 sophus
1883 2301 1935 2339 et
1960 2292 2075 2356 ipse
2088 2290 2265 2354 docet,
2289 2292 2461 2356 Epist.
2475 2305 2525 2340 c.
2543 2299 2604 2341 et
2627 2306 2758 2341 cum

1678 2369 1757 2418 M.
1771 2370 1933 2419 Tullii
1957 2380 2011 2419 et
2031 2369 2201 2420 Asinii
2235 2370 2486 2419 Pollionis
2520 2369 2758 2433 pbiloso-

1679 2447 1847 2510 pbieis
1882 2448 2202 2508 committit3
2249 2448 2484 2511 adeoque
2521 2448 2762 2497 Fabiani

1678 2523 1876 2587 Papirii
1900 2524 2193 2588 anteponit.
2262 2524 2456 2573 Locum
2486 2524 2608 2588 quie
2629 2539 2761 2574 cor·

1679 2611 1862 2666 ruptus
1884 2612 1983 2665 est,
2005 2610 2065 2653 ut
2099 2605 2376 2666 legendnm
2412 2618 2624 2668 censeo,
2650 2620 2760 2668 np-

1679 2695 1867 2743 ponam
1885 2696 1903 2732 =
1951 2681 2240 2749 {Scripsit}
2270 2682 2463 2745 inquit,
2496 2680 2512 2708 ‘
2530 2690 2589 2730 et
2613 2683 2760 2732 Dia-

1676 2756 1841 2819 logos,
1881 2771 2009 2821 qnos
2041 2771 2149 2806 *non
2189 2757 2353 2820 magis
2399 2756 2757 2820 philosophiae

1677 2846 2020 2883 annumerare
2064 2833 2229 2897 possis
2269 2848 2421 2898 qnam
2465 2833 2715 2885 historiae
2739 2854 2758 2887 z

1676 2916 1735 2958 et
1777 2924 1845 2958 ex
1882 2907 2115 2973 professo
2151 2909 2526 2974 philosophiam
2571 2913 2759 2961 conti..

1676 2995 1862 3038 nentes
1899 2985 2095 3036 libros.’
2162 2988 2298 3037 Nam
2319 2986 2578 3053 quomodo
2617 2988 2757 3037 doe-

1677 3065 1900 3115 tissimus
1943 3066 2227 3116 Pincianus
2272 3073 2460 3127 tentat,
2502 3069 2760 3118 coactior

1677 3140 1849 3197 lectio,
1888 3156 1987 3191 nec
2027 3158 2059 3190 s
2093 3143 2222 3192 Mss.
2257 3149 2357 3192 est.
2422 3143 2528 3193 Sed
2562 3152 2758 3195 autem

1673 3217 1822 3266 vellit
1856 3218 2086 3267 historiae
2120 3218 2329 3282 veritae,
2343 3218 2601 3282 jubetque
2635 3234 2763 3269 me-

1674 3295 1885 3344 minisse
1920 3295 1985 3345 ab
2011 3296 2350 3346 Athenodoro
2370 3296 2547 3346 Stoico
2571 3300 2762 3347 consi-

1674 3374 1795 3421 lium
1830 3374 1926 3422 boc
1948 3374 2124 3424 datum
2154 3372 2409 3434 Augusto,
2442 3373 2762 3425 auctoribus

1674 3449 1977 3508 Plutarcho,
2016 3449 2194 3506 Suida,
2234 3448 2467 3512 Juliauo,
2511 3449 2766 3516 zosimo,

1673 3526 1862 3588 Glycs,
1896 3526 2161 3582 Manasse,
2194 3528 2435 3586 eaeteris;
2482 3540 2611 3587 quos
2649 3542 2760 3576 ex-

1671 3602 1903 3651 scribere
1939 3605 2145 3664 longum
2182 3611 2321 3651 esset
2351 3604 2399 3651 ei
2423 3602 2508 3666 qui
2542 3611 2763 3653 terram

1674 3677 1852 3727 videus
1906 3680 2023 3728 vela
2080 3679 2358 3728 contrabit.
2441 3677 2759 3731 Contentus

1673 3757 1833 3819 igitur
1855 3757 1943 3821 qui
1978 3757 2030 3805 in
2062 3755 2301 3805 manibus
2334 3762 2415 3804 est
2438 3770 2761 3822 paucorum,

1673 3832 1936 3884 Julianum
1974 3834 2326 3895 inperatorem
2361 3833 2426 3879 de
2462 3832 2761 3893 Iuperato-

1675 3908 1817 3959 ribus
1851 3910 2143 3973 loquentem
2178 3908 2231 3957 ἐν
2259 3907 2330 3969 τῷ
2360 3904 2468 3969 περὶ
2489 3907 2764 3971 Καισάρων,

1673 3984 1807 4047 λόγῳ
1830 3986 2036 4034 citasse.
2103 3983 2240 4034 Heie
2265 3985 2399 4044 enim
2437 3985 2513 4031 its
2538 3984 2758 4035 induci-

1675 4070 1763 4111 tur
1800 4060 2097 4125 Augustus:
2148 4058 2403 4123 Παρέσχον
2436 4058 2641 4124 {pravi-bg
2677 4065 2760 4126 τῇ·

1673 4141 1940 4200 φιλοσοφίᾳ
1959 4135 2202 4200 χειροήθη,
2222 4136 2348 4185 ὥστε
2372 4133 2453 4183 καὶ
2487 4136 2577 4192 τῆς
2600 4136 2753 4196 Ἀθη-

1673 4215 1874 4280 νοδῶρου
1906 4211 2166 4278 παῤῥησίας
2200 4210 2476 4275 ἠνεσχόμην
2497 4213 2586 4261 οὐκ
2617 4213 2751 4275 ἄγα·
