3025 4934
533 409 665 473 620

533 566 671 617 fuit!
736 580 815 616 ιν.
853 568 904 614 7.
940 579 1029 617 ex.
1062 570 1144 616 89.
1181 567 1249 615 de
1280 568 1376 617 hac
1409 565 1595 617 eadem

534 643 718 691 clade:
753 648 769 670 ‘
790 640 867 690 Ut
899 656 1021 706 pars
1043 656 1232 705 magna
1262 644 1593 707 reliquiarum

532 717 860 767 nobilissimis
924 718 1226 769 auctoribus
1291 719 1594 769 deserenda

537 794 707 843 Italiae
734 794 894 842 iniret
925 793 1232 844 consilium.'
1293 797 1435 848 Just.
1456 809 1595 845 xnr.

534 876 586 922 4.
623 874 652 936 ξ
682 878 732 920 5.
776 876 793 899 ‘
817 870 902 920 Ad
938 873 1328 936 persequendas
1371 874 1594 923 Romani

534 948 662 998 belli
700 948 963 1011 reliquias.
968 947 984 968 '
1048 950 1278 1012 Capitol.
1305 950 1360 999 in
1398 950 1596 1001 Anton.

535 1039 584 1074 c.
616 1028 699 1073 22.
729 1026 747 1053 ⁸
770 1024 938 1074 Petiit
973 1032 1030 1073 ut
1063 1025 1184 1075 belli
1217 1027 1458 1090 reliquias
1491 1041 1595 1076 non

534 1099 949 1151 contemneret!
981 1107 1035 1151 et
1058 1117 1174 1166 quat
1197 1117 1292 1152 nos
1326 1118 1444 1168 sup.
1477 1118 1594 1169 cap.

535 1182 619 1228 23.
642 1179 744 1241 §2
776 1177 951 1226 Amtz.

601 1256 631 1318 §
654 1258 686 1303 7
727 1253 922 1315 Viginti
961 1257 1164 1317 quatuor
1191 1253 1442 1317 annom]
1478 1255 1596 1304 Pri·

535 1330 766 1380 moribus
791 1331 945 1379 talem
971 1330 1290 1394 provinciam
1313 1345 1596 1395 aspernan-

537 1408 694 1464 tibus,
736 1409 850 1473 ipse
899 1410 1170 1471 prosiliens
1213 1409 1409 1470 ingenti
1465 1423 1597 1459 voce

536 1483 804 1549 professus
826 1492 908 1533 est
929 1485 1150 1534 libenter
1167 1486 1375 1535 iturum.
1398 1485 1564 1535 Maeli.

603 1561 818 1624 Proetor]
871 1562 979 1611 Pro
1021 1563 1235 1612 consule
1279 1564 1333 1611 in
1378 1563 1595 1612 castriae

535 1652 755 1702 namque
811 1646 1006 1703 praetor
1060 1639 1346 1704 imperator
1388 1640 1600 1691 dicitur.

536 1715 704 1764 Mach-

520 1821 527 1828 ·
607 1790 973 1854 Carthaginem]
1009 1794 1194 1842 Novam
1213 1793 1432 1857 amplius
1455 1798 1600 1843 vete-

538 1883 621 1917 res
641 1869 779 1925 libri,
803 1880 861 1919 ut
885 1872 952 1918 ab
972 1869 1219 1920 Africana
1236 1871 1601 1934 distinguatur.

535 1943 636 1993 Illa
657 1942 970 2008 Σπαρταγένη
1001 1954 1081 1994 est
1107 1946 1349 2009 Appiano
1371 1946 1599 1995 Alexan-

538 2019 706 2081 drino,
737 2021 824 2083 qui
863 2035 976 2069 eam
1006 2023 1146 2083 turpi
1170 2036 1347 2070 errore
1368 2036 1485 2071 cum
1508 2024 1596 2071 Sa·

536 2103 698 2157 gunto
731 2094 1020 2144 confundit.
1087 2096 1224 2145 Vide
1261 2099 1630 2161 geographos.·

539 2171 786 2220 Schottas.
854 2173 935 2220 Ex
975 2173 1168 2220 nostris
1204 2174 1462 2233 omnibus,
1497 2189 1601 2237 qua

541 2247 754 2310 scriptis
790 2262 891 2310 qua
934 2247 1109 2304 editis,
1151 2263 1337 2306 novam,
1376 2250 1512 2312 quod
1547 2251 1599 2299 in

539 2329 741 2371 textum
766 2331 1041 2385 receperat
1058 2324 1278 2387 Schott.‚
1306 2326 1601 2388 rejecimus,

538 2413 705 2461 neque
744 2401 880 2447 enim
919 2400 1103 2464 aliquis
1138 2401 1291 2449 aliam
1331 2401 1601 2465 Cartbagi-

540 2487 658 2522 nem
689 2475 742 2521 iu
773 2474 1031 2537 Hispania
1051 2483 1330 2538 quaereret.
1358 2477 1533 2527 Arntz.

608 2551 717 2605 Qua
750 2550 828 2599 die
860 2551 1015 2613 venit]
1052 2552 1382 2615 Compertum
1405 2554 1599 2603 habens

539 2634 778 2688 stagnum
815 2628 971 2676 maris
1007 2628 1204 2676 alluens
1231 2628 1600 2693 Carthaginem

524 2711 670 2752 -aestn
726 2704 982 2752 maritimo
1017 2704 1345 2769 decrescere,
1379 2716 1434 2753 et
1467 2706 1602 2755 vado

538 2780 747 2828 transiri
786 2792 956 2841 posse,
991 2780 1130 2829 unde
1160 2780 1225 2829 ad
1248 2795 1447 2829 murum
1471 2779 1603 2836 faci-

538 2858 639 2906 lius
678 2863 818 2905 esset
863 2871 1134 2919 accessus3
1168 2857 1343 2923 itaque
1385 2864 1605 2920 captata

520 2936 807 2988 ‚occasione
841 2934 893 2982 in
931 2934 1109 2984 urbem
1145 2949 1241 2998 per
1262 2949 1374 2983 eam
1399 2943 1603 2997 partem

537 3012 748 3061 minime
789 3020 1085 3074 suspectam
1123 3011 1472 3061 ascenderunt
1497 3012 1604 3061 Ro·

539 3089 695 3151 mani,
716 3088 918 3138 duobus
941 3087 1195 3137 militibus
1213 3103 1407 3139 corona
1424 3090 1605 3139 mitrali

538 3165 763 3215 donatis.
828 3165 1001 3226 Igitur
1033 3164 1264 3226 opidani,
1302 3180 1364 3214 ac
1389 3165 1605 3214 auxilia·

538 3256 622 3291 res
666 3257 724 3292 re
763 3242 1027 3304 inopinata
1064 3240 1387 3290 consternati
1414 3242 1606 3291 moenia

540 3316 835 3366 deseruere.
871 3315 1037 3364 Macra.

603 3396 632 3459 ς
667 3397 699 3441 8
743 3394 992 3454 Virginem
1011 3392 1401 3455 pulcherrimam]
1432 3394 1603 3445 Quam

540 3473 790 3522 custodiri
813 3472 957 3532 fecit,
976 3481 1032 3521 et
1055 3472 1219 3521 Lucio
1243 3472 1461 3536 principi
1486 3474 1602 3522 Cel·

542 3548 827 3597 tiberornm
864 3548 1247 3610 desponsatam,
1300 3561 1365 3595 eo
1413 3548 1602 3605 accito,

540 3625 798 3687 integram
812 3624 1210 3687 inviolatamque
1228 3623 1477 3674 restituit.
1491 3625 1605 3673 Ma·

539 3701 678 3750 σΙιατι.

606 3776 684 3825 Ac
703 3774 894 3838 sponso]
928 3777 1072 3825 Bene
1105 3775 1265 3827 habet
1301 3777 1496 3827 lectio:
1541 3775 1607 3826 fit

542 3860 716 3905 tamen
735 3854 909 3903 nescio
929 3854 1200 3918 quomodo,
1214 3859 1271 3902 ut
1286 3867 1386 3902 non
1404 3854 1606 3903 calamo

541 3932 704 3982 solum
723 3930 816 3980 sed
839 3937 895 3981 et
917 3931 1052 3994 typis
1074 3931 1258 3994 scripti
1282 3930 1490 3981 codices
1513 3946 1605 3980 an·

539 4008 676 4073 tiqui
699 4013 1000 4056 constanter
1031 4008 1210 4070 legant
1240 4008 1474 4070 Patrique
1504 4008 1608 4068 eius

539 4098 737 4147 sponsor
756 4083 935 4133 astitit.
957 4082 1196 4146 ‘Sponsi’
1221 4090 1278 4132 et
1294 4083 1608 4132 Plutarchus

543 4167 600 4209 et
619 4159 795 4209 Livius
820 4159 1120 4223 meminere,
1140 4158 1224 4206 hic
1257 4164 1274 4187 ‘
1290 4157 1612 4220 Albucium,’

541 4235 632 4285 ille
667 4242 680 4264 ⁸
699 4235 946 4286 Luceium
968 4234 1003 4282 τ’
1035 4240 1094 4284 ut
1115 4242 1171 4283 et
1188 4235 1421 4286 Frontin.
1440 4249 1502 4284 ιι.
1526 4239 1607 4285 11.

545 4309 924 4362 Celtiberorum
947 4310 1236 4393 principem
1259 4311 1490 4362 nominat
1503 4311 1608 4361 Va·

1230 424 1451 473 1⁴01·AE
1495 423 1842 472 vakrom]
1854 425 1903 470 M
1956 425 2032 472 m

1669 566 1828 616 letius
1867 567 2130 617 Maximus
2179 563 2490 616 ‘Indibilem
2511 564 2528 587 ’
2560 579 2636 616 ιν.
2678 570 2727 616 8.

1670 644 1915 693 Selium.
1980 643 2113 694 Cum
2155 644 2419 707 plerisque
2456 642 2571 692 aliis
2604 640 2730 693 facit

1670 719 2028 770 d'Orvilianns
2077 721 2264 779 codex,
2297 734 2490 782 sponsor
2524 719 2733 769 adstitit.

1673 798 1740 847 Et
1768 797 1902 846 hanc
1926 799 2238 861 scripturam
2259 812 2325 846 ex
2350 797 2494 845 Leid.
2517 796 2733 859 protulit

1670 888 1873 938 quoque
1911 874 1964 922 in
2003 888 2203 937 nupera
2234 874 2346 936 ejus
2374 873 2600 921 auctoris
2624 872 2732 920 edi-

1671 949 1812 998 tione
1835 949 2079 998 Oudend.
2098 949 2166 998 ad
2191 949 2427 998 Frontin.
2448 961 2512 997 ιι.
2534 948 2659 1011 11.§
2682 952 2731 996 6.

1670 1026 1752 1074 Ex
1776 1040 1870 1074 usu
1892 1040 1956 1074 eo
1977 1026 2119 1074 vocis
2150 1024 2167 1052 ⁸
2187 1023 2403 1078 vetare?
2422 1037 2576 1088 quem
2600 1021 2733 1072 dixi·

1668 1114 1799 1160 mus,
1836 1102 2171 1163 exponendus
2204 1108 2290 1149 est
2332 1100 2498 1149 divus.
2520 1099 2734 1147 Paullus

1671 1175 1770 1239 Ep.
1785 1191 1824 1226 1.
1849 1177 1915 1226 ad
1927 1179 2156 1227 Timolh.
2172 1193 2219 1226 c.
2239 1191 2404 1226 rvaes.
2427 1181 2476 1225 s.
2513 1176 2733 1225 Κωλυόν·

1667 1269 1766 1301 την
1795 1256 1979 1315 γαμεῖν,
2030 1252 2300 1316 ἀπέχεσθαι
2338 1250 2621 1316 βρωμάτων·
2651 1268 2734 1302 oe-

1669 1329 1878 1378 twina-
1908 1330 2098 1391 κύσε,
2123 1331 2361 1379 abstinere
2380 1331 2533 1379 cibis.-
2569 1329 2660 1381 ubi
2680 1329 2736 1379 in

1673 1405 1857 1454 ultimo
1879 1405 2110 1454 membro
2131 1420 2233 1454 vox
2255 1406 2531 1455 contrarias
2565 1406 2738 1454 notio-

1671 1482 1752 1531 nis
1771 1482 2215 1546 subiutelligenda
2231 1488 2331 1531 est.
2385 1483 2500 1545 Ego
2525 1482 2736 1545 quidem

1672 1558 1846 1606 malim
1869 1559 2106 1608 scribere
2121 1559 2360 1621 Patrique
2379 1558 2478 1619 eins
2493 1573 2551 1606 oc
2569 1573 2737 1621 sponso

1669 1635 1867 1684 restitui
1880 1651 1901 1693 ,-
1935 1645 1993 1683 ut
2008 1634 2184 1696 jussit,
2205 1634 2343 1698 qnod
2366 1636 2418 1683 in
2440 1636 2597 1683 nullis
2611 1635 2740 1683 Mss-

1673 1710 1957 1772 iuvenitur,
1978 1710 2275 1775 abjiciatur.
2327 1710 2659 1760 Tralatitium
2683 1725 2737 1758 e-

1673 1788 1778 1836 nim
1813 1796 1915 1848 est,
1947 1796 2152 1848 veteres
2190 1802 2334 1851 soepe
2369 1787 2585 1835 verbnm
2617 1800 2739 1836 con-

1674 1863 1849 1912 trariae
1869 1862 2258 1926 significationis
2278 1863 2538 1912 omittere.
2583 1863 2737 1911 Phae-

1676 1940 1800 1987 drus
1839 1935 1946 1987 fab.
1985 1952 2062 1988 iv.
2096 1944 2179 1988 17.
2212 1944 2295 1988 31.
2328 1940 2483 1990 ‘Non
2510 1949 2631 1989 veto
2660 1940 2739 1988 di·

1675 2015 1832 2078 mitti,
1848 2029 2025 2064 verum
2042 2017 2264 2065 cruciari
2279 2014 2458 2065 fame:’
2482 2016 2567 2065 ubi
2584 2016 2740 2065 Com-

1675 2099 1835 2140 ment.
1858 2093 2108 2142 Burman.
2131 2103 2188 2141 et
2211 2094 2273 2141 ad
2299 2093 2555 2144 Quinctil.
2577 2093 2736 2142 Deel.

1677 2180 1735 2217 x.
1758 2171 1839 2217 16.
1869 2167 2112 2217 Graevius
2134 2168 2198 2218 ad
2226 2169 2406 2218 Heius.
2428 2169 2667 2232 Epistola
2685 2168 2738 2216 in

1673 2244 1806 2307 syn.
1826 2244 2008 2293 Burm.
2029 2254 2153 2295 tom.
2178 2258 2258 2294 ιν.
2281 2261 2401 2309 pag.
2425 2250 2537 2296 704.
2570 2244 2742 2294 Drak-

1677 2322 1743 2371 ad
1763 2322 1856 2370 Sil.
1873 2335 1978 2371 xu-
1996 2326 2083 2372 64.
2117 2323 2363 2372 Davisius
2386 2322 2453 2371 ad
2477 2322 2648 2372 Cicer.
2671 2321 2739 2369 de

1676 2400 1804 2448 Nat.
1829 2400 1996 2448 Deor.
2018 2413 2059 2449 1.
2083 2404 2162 2450 17.
2187 2407 2243 2449 et
2264 2400 2474 2449 tandem
2498 2400 2646 2449 Cort.
2671 2398 2739 2447 ad

1673 2475 1887 2524 Sallust.
1906 2474 2031 2538 Jug.
2053 2489 2101 2524 e.
2135 2479 2215 2525 14.
2238 2490 2353 2526 exc.
2385 2481 2439 2525 2.
2504 2476 2633 2524 Cum
2659 2483 2740 2523 ta·
2789 2464 2799 2474 ⁶

1676 2565 1796 2599 rnen
1840 2551 1892 2599 in
1932 2553 2123 2601 ceteris
2161 2551 2284 2599 edd.
2323 2558 2539 2614 recepta
2582 2551 2739 2600 lectio

1676 2627 1994 2689 inveniatur,
2030 2642 2142 2677 eam
2186 2629 2298 2677 loco
2331 2642 2540 2678 movere
2575 2628 2740 2683 nolui,

1679 2706 1970 2769 presertim
1989 2720 2107 2754 cum
2126 2706 2209 2754 hae
2231 2704 2347 2756 duae
2370 2720 2524 2755 voces
2552 2706 2568 2733 ‘
2586 2712 2708 2754 veto
2723 2703 2741 2727 '

1678 2790 1737 2832 et
1768 2780 1991 2846 ‘jubeo'
2024 2781 2089 2831 ab
2126 2783 2476 2848 aliis-quoque
2511 2784 2585 2831 ita
2617 2783 2742 2846 jun-

1680 2864 1891 2921 gantur.
1958 2858 2293 2907 CaesaaBell.
2321 2860 2438 2909 Civ.
2460 2874 2499 2908 ι.
2520 2860 2656 2922 41.§
2690 2863 2741 2909 4.

1678 2934 1864 2983 ‘Vallo
1892 2935 2093 2983 'muniri
2131 2936 2316 2992 vetuit,
2351 2936 2488 3000 qnod
2525 2936 2745 2985 emineri

1681 3015 1737 3058 et
1756 3010 1940 3074 procul
1969 3011 2136 3060 videri
2159 3011 2374 3061 necesse
2398 3020 2513 3061 erat
2538 3028 2554 3072 ς
2592 3013 2687 3061 sed
2712 3027 2744 3061 a

1679 3084 1852 3136 fronte
1874 3095 2057 3137 contra
2078 3088 2279 3137 hostem
2300 3089 2490 3151 pedum
2516 3103 2614 3144 xv„
2634 3089 2743 3138 fos·

1680 3177 1789 3213 sam
1818 3162 1935 3212 fieri
1966 3163 2160 3227 jussit!
2218 3164 2460 3228 Hyginus
2484 3163 2591 3213 fab.
2615 3178 2743 3215 vm.

1681 3242 1698 3268 ⁴
1717 3240 1895 3289 Vetuit
1910 3254 1998 3289 eos
2015 3241 2330 3302 Mercurius,
2347 3248 2403 3289 et
2424 3241 2575 3290 simul
2583 3241 2744 3304 jussit

1685 3320 1889 3383 Lycum*
1901 3319 2191 3368 concedere
2229 3331 2442 3381 regnum
2466 3318 2700 3381 Apollini
2714 3318 2750 3368 ε’

1679 3404 1737 3444 et
1759 3395 2028 3457 Lamprid.
2062 3394 2215 3443 Alex.
2245 3393 2369 3443 Sev.
2391 3406 2439 3442 c.
2461 3397 2545 3443 26.
2575 3394 2742 3443 ‘Usu‘-

1667 3486 1764 3521 ,τεο
1786 3472 2026 3534 accipere
2049 3470 2214 3532 primo
2239 3470 2536 3532 vetuit,nisi
2551 3470 2745 3534 aliquid

1680 3547 1902 3596 muneris
1947 3560 2130 3594 caussa
2184 3549 2510 3608 acciperent,
2559 3555 2745 3610 postea

1681 3632 1855 3673 tamen
1871 3621 2062 3686 jussit‚’
2082 3625 2181 3672 διο.
2217 3623 2390 3672 Amtz.

1746 3702 1775 3764 ς
1796 3703 1830 3748 9
1851 3700 2077 3762 Expulit]
2102 3699 2283 3762 Captis
2301 3699 2582 3748 etiamnum
2606 3698 2742 3748 Has-

1680 3775 1913 3827 drubalis
1936 3776 2143 3831 castris,
2165 3789 2330 3837 eoque
2360 3772 2596 3838 fugiente
2620 3788 2745 3838 pau-

1682 3853 1758 3902 cis
1779 3866 1897 3901 cum
1919 3850 2183 3900 militibus.
2217 3849 2384 3899 Maeli.

1747 3930 1775 3992 ς
1813 3931 1876 3978 10
1901 3925 2206 3988 Maurorum]
2229 3926 2628 3976 Masaesulorum
2650 3940 2743 3976 rex

1682 4003 1785 4054 fuit
1819 4003 2049 4067 Syphax,
2084 4004 2255 4051 tenuit
2290 4010 2462 4051 tamen
2487 4003 2745 4052 Maurita-

1682 4082 1838 4143 niam,
1862 4095 1978 4130 eam
2001 4095 2116 4145 quae
2142 4093 2276 4128 nova
2298 4079 2445 4128 dicta
2466 4088 2565 4137 est,
2582 4080 2741 4129 aMo-

1684 4157 1839 4208 lucha
1882 4157 1946 4205 ad
1985 4156 2341 4219 Ampsagum:
2376 4170 2493 4205 cum
2532 4163 2677 4205 vetus
2711 4170 2745 4205 a

1682 4233 1821 4283 freto
1859 4231 1923 4281 ad
1975 4231 2279 4280 Mulucham
2326 4231 2739 4293 protenderetur,

1633 4341 1642 4344 -
1682 4325 1802 4377 quae
1837 4308 2032 4361 Bocchi
2068 4308 2289 4371 imperio
2311 4308 2508 4372 paruit,
2529 4307 2739 4373 cnjusin
