3025 4934
480 383 614 474 646

482 539 639 593 codd.
659 540 854 593 babere
876 545 1104 591 testatur
1123 538 1548 605 diligentissimus

481 618 783 669 Torrenius.
848 617 1050 668 Seneca
1069 617 1300 683 Thyeste
1335 634 1411 670 vs.
1431 623 1551 669 698·

480 695 802 757 ‘Stat.ipse
844 692 913 743 ad
958 708 1103 744 aras:
1163 696 1280 757 ipse
1324 695 1548 746 devotus

482 773 602 823 neci
638 769 986 823 Contractat.’
1070 771 1132 821 In
1178 771 1437 822 Pboeuiss.
1477 787 1552 821 vs.

480 853 596 899 222.
627 850 643 878 4
663 844 959 904 Nefaudus,
984 846 1320 904 incestificus,
1338 861 1549 899 execra-

479 925 599 975 bilis
641 921 924 976 Attracto.'
989 924 1061 974 Et
1100 924 1232 975 Her.
1266 926 1437 977 OEtoeo
1469 940 1547 978 vs.

482 1005 630 1052 1307.
659 1004 676 1030 4
701 1002 824 1063 Vel,
858 1002 903 1052 si
942 1003 1107 1066 piget,
1144 1018 1426 1069 manusque
1458 1004 1548 1057 do-

479 1084 684 1129 tractat
713 1076 862 1128 nefas
882 1075 917 1125 z'
950 1078 1047 1128 boc
1081 1079 1233 1129 modo
1256 1080 1423 1130 tribus
1447 1080 1550 1130 illis

477 1154 612 1205 locis
656 1155 833 1205 inveni
890 1155 945 1205 in
1001 1156 1548 1220 exemplari‘seripto.

481 1231 693 1283 Curtius
725 1246 817 1282 ιιι.
854 1236 903 1281 8.
941 1233 1080 1296 §n-
1112 1234 1129 1262 ‘
1154 1233 1260 1284 Sed
1299 1249 1402 1285 non
1440 1249 1548 1284 am·

478 1307 618 1372 plius
639 1307 808 1371 ipsum
831 1321 948 1358 esse
977 1322 1246 1371 passurum
1283 1308 1548 1361 detracta·

478 1399 539 1435 re
561 1394 825 1436 certamen
842 1383 877 1435 ε’
916 1393 974 1436 et
1004 1399 1130 1437 vm.
1165 1391 1247 1438 11.
1281 1389 1309 1452 §
1334 1392 1385 1437 8.
1418 1394 1434 1418 ⁶
1457 1389 1549 1439 Se·

479 1470 630 1512 cutus
666 1471 751 1512 est
785 1463 930 1513 nullo
968 1463 1301 1514 detractante
1330 1464 1552 1515 munus!

477 1540 624 1590 Vide
648 1540 753 1590 illis
794 1539 922 1591 locis
965 1542 1227 1592 variantes
1274 1542 1548 1607 lectiones,

479 1631 610 1679 quas
655 1616 828 1666 textui
880 1631 987 1665 sun
1034 1616 1279 1668 editionis
1320 1617 1549 1682 subjecit

478 1691 804 1741 doctissimus
835 1685 1283 1757 snakenburgius.
1351 1691 1550 1750 Quince

476 1768 559 1818 til.
596 1769 747 1820 Deci.
779 1783 904 1821 vm.
941 1774 1026 1826 19.
1066 1771 1083 1800 ‘
1106 1774 1247 1823 Dum
1270 1763 1550 1839 deliberas,

477 1844 603 1894 dum
647 1860 1065 1912 unumquemque
1107 1847 1377 1899 detractas
1395 1848 1431 1897 ι’
1469 1850 1550 1900 ita

476 1934 590 1971 esse
625 1921 680 1971 in
715 1922 830 1973 aliis
865 1922 1063 1974 monuit
1091 1926 1157 1975 ci.
1182 1924 1468 1976 Burmann.
1488 1934 1548 1977 et

473 2000 592 2063 ipse
631 2006 820 2064 postea
855 2000 909 2050 iu
952 2001 1070 2052 cod.
1106 2002 1308 2066 scripto
1353 2003 1548 2053 inveni.

475 2077 779 2128 Lactantius
803 2078 871 2127 de
894 2079 1055 2129 Mort.
1079 2078 1229 2142 Pers.
1250 2094 1299 2130 c.
1324 2084 1405 2130 10.
1438 2082 1455 2110 4
1479 2081 1544 2131 Iu

476 2167 586 2210 eos,
609 2155 653 2202 si
678 2153 1083 2215 detractassent,
1106 2154 1410 2205 verberibus
1435 2157 1547 2206 ani·

475 2229 784 2292 madvertiz’
834 2232 923 2280 ubi
976 2231 1215 2289 Bauldri,
1250 2232 1436 2281 Wasse
1489 2239 1547 2283 et

466 2306 688 2355 -Cortius
726 2305 798 2355 ad
834 2308 1050 2357 Sallust.
1091 2323 1208 2370 cap.
1229 2312 1312 2358 53.
1349 2307 1451 2358 fine
1488 2316 1547 2359 et

476 2383 762 2434 Burmann.
812 2384 878 2434 ad
936 2384 1096 2434 Ovid.
1148 2386 1286 2435 Met.
1327 2400 1383 2437 v.
1429 2389 1549 2436 246.

473 2458 659 2508 Aratz.

543 2538 679 2588 Car.
717 2551 876 2589 um.
942 2541 971 2604 §
1012 2544 1040 2588 1
1089 2540 1237 2605 Pius]
1269 2540 1545 2605 Appianas

474 2615 682 2679 inquit:
740 2616 757 2644 ‘
797 2616 1014 2666 Publius
1062 2618 1251 2667 Furius
1304 2619 1544 2669 tribunus

472 2694 646 2756 plebis
676 2709 778 2746 non
812 2696 1026 2758 liberto,
1051 2696 1146 2747 sed
1182 2696 1429 2748 libertino
1453 2713 1544 2763 pa·

475 2776 560 2820 tre
594 2774 822 2834 genitus,
863 2772 1134 2823 audaciter
1166 2773 1441 2823 admodum
1489 2781 1546 2824 et

475 2856 780 2900 constanter
811 2850 913 2900 illis
947 2850 1264 2914 resistebat3
1296 2859 1355 2900 ut
1374 2866 1546 2917 neque

473 2924 686 2976 Metelli
727 2926 819 2976 tilii
865 2928 1111 2991 precibus
1152 2927 1206 2977 in
1253 2935 1547 2991 conspectu

473 3001 654 3065 populi
692 3004 1003 3066 suppliciter
1036 3018 1156 3054 eum
1192 3002 1547 3069 deprecantis,

479 3083 535 3127 et
567 3077 631 3127 ad
660 3078 821 3141 pedes
843 3078 955 3143 ejus
980 3080 1259 3144 provoluti,
1283 3081 1546 3144 lacrymis-

476 3168 579 3218 que
623 3153 765 3204 flecti
803 3156 1080 3219 potuerit3
1124 3158 1331 3220 quaen
1361 3165 1547 3205 caussa

475 3246 608 3296 puer
651 3233 786 3281 idem
826 3234 894 3281 ab
932 3232 1223 3295 hujusmodi
1258 3240 1544 3296 prospectu

475 3308 627 3434 Zius'²
678 3308 902 3372 subinde
972 3310 1369 3373 cognominatus
1425 3309 1546 3361 est.'

538 3399 594 3433 uc
630 3418 644 3433 .
703 3421 708 3428 ι

540 3458 781 3524 Adsidue]
806 3459 1023 3509 Mallem
1048 3459 1147 3510 hoc
1170 3460 1291 3510 loco·
1310 3461 1546 3525 adsiduis,

475 3542 537 3585 ut
558 3535 624 3584 ad
659 3535 957 3599 ‘iacrymas
993 3535 1314 3601 precesque’
1351 3537 1546 3588 resera-

477 3619 598 3673 tur3
656 3612 917 3677 quomodo
972 3616 988 3642 ‘
1020 3613 1299 3665 adsiduns'
1353 3616 1545 3666 talibus

478 3689 822 3738 substantivis
855 3699 1002 3738 recte
1028 3691 1293 3754 jungitur.
1358 3689 1546 3743 Cicero

474 3779 574 3827 pro
611 3766 852 3815 Cluentio
892 3780 940 3817 c.
964 3770 1015 3814 6.
1048 3770 1064 3795 4
1090 3767 1402 3831 Augebatur
1435 3771 1547 3833 ejus

476 3842 718 3891 molestia
751 3843 1065 3906 quotidianis
1102 3846 1455 3908 querimoniis,
1490 3854 1548 3897 et

478 3919 694 3969 adsiduo
717 3918 847 3969 fletu
868 3921 1095 3970 sororis.’
1143 3921 1304 3972 Ovid.
1322 3925 1459 3974 Met.
1480 3939 1546 3975 ιι.
1565 3913 1568 3915 ’

475 4001 592 4046 486.
625 3997 641 4024 4
669 3997 1011 4061 Adsiduoque
1049 4013 1169 4048 suos
1208 4001 1406 4063 gemitu
1438 4009 1544 4053 tes-

473 4080 590 4124 tata
611 4073 856 4123 dolores.'
904 4075 976 4124 Et
998 4090 1065 4124 ex
1089 4075 1249 4127 Pont.
1268 4079 1435 4141 Epist.
1454 4095 1546 4134 ιιι.

474 4152 526 4198 4.
546 4153 629 4197 45.
662 4151 678 4176 ‘
695 4150 871 4212 Adde,
893 4151 1030 4214 quod
1057 4152 1323 4204 adsiduam
1346 4156 1546 4208 domiui

476 4225 727 4276 meditata
748 4226 1049 4290 querelam!
1107 4230 1354 4294 Propert.
1378 4235 1461 4284 El.
1481 4247 1547 4284 ιι.

474 4305 556 4353 14.
580 4309 628 4354 1.
656 4307 671 4333 ⁸
700 4303 951 4358 Adsiduae
969 4306 1156 4356 -multis
1177 4306 1353 4358 odium
1383 4323 1544 4375 pepe·

1598 1538 1717 1589 ·bus
1760 1537 2031 1602 inpedita.’

1173 397 1396 447 1401·AE
1443 396 1857 448 vammum
1905 398 1987 447 IN

1624 557 1742 593 rere
1764 540 2046 607 ‘querela’
2095 543 2298 594 Plinius
2314 542 2495 607 Epist.
2517 557 2585 593 ιι.
2605 549 2690 594 15.

1620 619 1637 647 4
1662 608 1877 669 Habent
1898 619 2036 669 bunc
2057 618 2213 669 tinem
2243 620 2477 670 adsidua
2500 634 2688 684 quere-

1624 694 1723 745 las?
1791 696 1992 746 Seneca
2014 696 2082 745 de
2105 697 2270 747 Clem.
2294 710 2331 745 ι.
2354 701 2435 747 16.
2484 700 2501 727 4
2525 696 2687 749 Quod

1624 771 1852 822 adsiduis
1903 774 2067 835 plagis
2116 788 2304 837 pueros
2362 770 2691 836 conpescet..’

1622 850 1821 899 Seneca
1856 849 2074 912 Hippoi.
2109 863 2185 897 vs.
2210 853 2328 899 381.
2371 852 2388 879 4
2410 850 2687 913 Lacrymae

1623 926 1817 977 cadunt
1836 942 1928 991 per
1940 941 2048 983 ora,
2065 936 2122 977 et
2142 926 2359 976 adsiduo
2377 940 2529 989 gena
2547 927 2689 976 Rore

1620 1002 1941 1067 irrigantur)
2009 1003 2263 1054 Quinctil.
2306 1003 2462 1053 Decl.
2505 1017 2561 1052 v.
2602 1008 2691 1064 22.v

1622 1079 1638 1107 ‘
1659 1080 1816 1130 Brevi
1842 1088 1895 1130 te
1918 1081 2121 1142 genitus
2145 1080 2245 1129 mei
2263 1079 2580 1137 liberabunt,
2594 1080 2687 1129 ad-

1621 1156 1783 1206 siduis
1818 1155 2113 1220 planctibus
2141 1155 2448 1206 everberata
2471 1148 2694 1206 vitalia!

1623 1240 1679 1284 et
1701 1232 1857 1282 Deci.
1878 1245 1960 1282 vi.
1975 1236 2026 1281 6.
2056 1234 2072 1260 4
2092 1233 2220 1282 Cum
2238 1231 2483 1300 adsiduos
2508 1233 2687 1296 planc-

1623 1317 1725 1371 tus,
1757 1316 1811 1359 ot
1841 1307 2145 1372 irrequietas
2167 1308 2368 1358 diceret
2388 1307 2691 1372 lacrymam!

1623 1384 1819 1447 Appul.
1842 1384 2058 1434 Metam.
2093 1397 2157 1433 ιι.
2181 1387 2294 1433 126.
2340 1382 2357 1411 4
2381 1384 2526 1435 Voce
2563 1398 2690 1435 eon-

1624 1467 1772 1510 tenta
1796 1460 2028 1524 quidem,
2056 1460 2149 1509 sed
2185 1458 2418 1512 adsiduis
2451 1460 2689 1525 singulti·

2111 1537 2371 1587 Sedulius.
2393 1537 2690 1608 Presbyter

1624 1614 1798 1666 carm.
1822 1628 1907 1666 ιν.
1931 1631 1982 1679 p.
2000 1629 2070 1666 m.
2096 1619 2211 1666 189.
2244 1617 2261 1644 4
2284 1614 2523 1665 Vocibus
2548 1615 2690 1665 adsi-

1623 1691 1738 1742 du'is
1784 1691 2134 1756 precibusque
2179 1690 2402 1746 extorsit
2446 1689 2688 1742 anheliss

1622 1771 1727 1820 Vel
1755 1770 1830 1821 ita
1859 1770 2051 1834 exponi
2084 1776 2294 1835 posset3
2325 1770 2342 1797 4
2369 1769 2586 1820 adsidue
2610 1771 2686 1820 la-

1620 1847 1900 1916 crymando
1917 1846 1932 1868 ’
1956 1847 2024 1897 ab
2046 1847 2230 1898 exsilio
2260 1859 2509 1897 revocare
2531 1860 2688 1897 cona-

1621 1930 1706 1974 tus
1743 1921 1866 1988 fuit,
1905 1932 1964 1973 et
1994 1922 2223 1982 taudem,
2246 1931 2306 1973 ut
2327 1930 2687 1980 revocaretur,

1621 1999 1820 2052 effecit.
1884 2003 2016 2053 Eum
2041 2002 2177 2051 euim
2198 2014 2403 2053 sensum
2428 2016 2528 2049 vox
2563 2004 2580 2029 4
2607 2013 2687 2050 re·

1623 2077 1859 2129 vocavit’
1892 2080 1974 2129 iiic
2007 2079 2106 2129 sibi
2149 2078 2400 2129 vindieat.
2464 2076 2685 2130 Ausonii

1621 2156 1823 2230 Paneg.
1845 2172 1894 2206 c.
1915 2160 1998 2208 16.
2029 2159 2056 2221 §
2081 2161 2130 2207 2.
2161 2156 2183 2202 4.
2200 2156 2388 2220 Neque
2411 2157 2549 2205 enim
2576 2156 2691 2219 jus-

1621 2234 1724 2282 tius
1741 2233 1989 2283 Metellus
2004 2241 2350 2296 cognomento
2368 2234 2516 2294 Pius,
2534 2242 2685 2297 patre

1623 2310 1905 2361 revocato!
2006 2311 2126 2361 Hoc
2179 2325 2334 2360 sensu
2391 2312 2406 2339 ‘
2429 2312 2654 2360 restituit
2670 2309 2686 2332 ’

1620 2388 1758 2437 dixit
1781 2388 1920 2437 Vell.
1944 2388 2160 2439 Patere.
2181 2402 2246 2438 ιι.
2268 2393 2348 2438 16.
2373 2390 2478 2452 §.th
2525 2391 2542 2418 ‘
2563 2388 2686 2438 Pie-

1621 2472 1733 2515 tate
1779 2479 1890 2521 sua,
1933 2466 2249 2515 auctoritate
2288 2474 2525 2526 senatus,
2563 2478 2685 2514 con·

1619 2555 1774 2591 sensu
1811 2542 1944 2604 reip.
1978 2542 2212 2592 restituit
2241 2542 2485 2605 patrem.'
2549 2541 2684 2592 Cone

1619 2626 1700 2669 tra
1721 2617 1740 2645 4
1763 2617 2011 2682 damnare
2027 2617 2041 2637 ’
2061 2618 2254 2667 dicitur
2276 2625 2572 2680 accusator,
2593 2618 2685 2682 qui

1619 2689 1967 2745 damnationis
2010 2695 2218 2744 exsistit
2253 2709 2458 2745 caussa.
2527 2696 2686 2745 Sebo-

1619 2770 1800 2820 liastes
1822 2779 1971 2821 vetus
1994 2770 2262 2822 Juvenalis
2294 2771 2359 2821 ad
2395 2779 2499 2821 sat.
2536 2785 2578 2821 1.
2607 2786 2683 2823 vs.

1618 2849 1702 2897 83.
1723 2849 1740 2876 4
1757 2847 1864 2900 Qui
1887 2848 2055 2911 ipsum
2080 2847 2218 2911 apud
2243 2848 2509 2898 Neronem
2533 2848 2684 2898 detu-

1619 2924 1682 2975 lit
1702 2931 1761 2975 et
1783 2922 2082 2974 damnavit-³
2149 2923 2385 2974 Velleius
2409 2938 2475 2974 n.
2492 2929 2576 2976 47.
2601 2926 2687 2988 §4-

1616 3003 1633 3030 4
1666 3002 1915 3051 Milonem
1956 3008 2102 3049 reum
2140 3015 2242 3050 nou
2284 3000 2468 3062 magis.
2491 3001 2686 3050 invidia

1617 3075 1765 3138 facti,
1782 3092 1938 3141 qnam
1958 3077 2201 3140 Pompeii
2220 3076 2486 3127 damnavit
2511 3077 2690 3127 volun·

1620 3152 1737 3202 tas.’
1799 3153 2014 3204 Sueten.
2039 3152 2218 3203 Vitell.
2257 3167 2304 3203 c.
2327 3159 2378 3204 2.
2417 3155 2518 3217 ςΔ.
2553 3155 2572 3183 4
2598 3152 2685 3202 Pi-

1617 3245 1794 3281 sonem
1848 3231 2113 3282 inimicum
2174 3236 2232 3281 et
2291 3228 2687 3280 interfectorem

1620 3310 1732 3373 ejus
1766 3309 2032 3358 accusavit
2073 3306 2597 3372 condemnavitquez'
2630 3313 2686 3357 et

1619 3386 1820 3436 Noster
1840 3383 1937 3435 inf.
1959 3399 2007 3434 c.
2033 3397 2231 3434 mxxxi.
2265 3382 2295 3446 ξ
2318 3387 2366 3432 8.
2437 3384 2685 3434 Ceterum

1621 3475 1773 3512 voces
1788 3462 1850 3511 ab
1866 3461 2038 3522 exsilio
2056 3460 2271 3525 ejiciunt
2286 3460 2512 3524 quinque
2533 3459 2688 3510 codd.

1596 3537 1706 3589 ed.
1731 3537 1952 3602 Agripp.
1992 3544 2050 3585 et
2084 3536 2221 3585 Ven.
2254 3544 2310 3584 et
2347 3544 2564 3598 possent
2599 3538 2707 3608 ab·-

1619 3630 1735 3665 esse
1769 3629 1885 3665 cum
1918 3613 2000 3663 vel
2029 3627 2096 3663 ex
2125 3613 2366 3677 subjecta
2389 3614 2607 3663 materia
2631 3619 2687 3663 et

1618 3694 1797 3756 eapite
1836 3690 2164 3757 praecedeuti
2209 3697 2390 3754 pateat
2434 3691 2533 3740 boc
2572 3692 2686 3741 loeo

1620 3770 1704 3833 agi
1738 3768 1811 3819 de
1845 3766 2049 3817 exsilio.
2116 3766 2286 3815 Cicer.
2321 3779 2419 3829 pro
2442 3767 2616 3815 Domo
2638 3780 2685 3815 c.

1619 3851 1702 3896 67.
1736 3854 1752 3877 ⁴
1769 3847 1980 3909 Vosque
2003 3843 2090 3908 qui
2113 3841 2335 3891 maxime
2354 3858 2437 3890 me
2460 3844 2686 3907 repetis-

1622 3927 1686 3973 tis
1723 3931 1880 3988 atque
1915 3918 2237 3970 revocastis!
2302 3918 2508 3968 Plinius
2541 3920 2686 3969 Hist.

1620 4004 1830 4051 v11.30.
1886 3998 1903 4026 4
1926 3999 1988 4048 lu
2021 3996 2254 4047 exsilium
2292 4010 2470 4059 egere,
2515 4007 2686 4046 rerum

1619 4077 1941 4129 conditorem
2018 4070 2371 4123 revocavere?
2471 4073 2693 4122 Sueten.

1620 4153 1804 4206 Claud.
1842 4168 1890 4203 c.
1921 4155 1973 4201 7.
2002 4151 2019 4179 4
2043 4149 2291 4201 Potentia
2321 4159 2581 4199 revocatae
2607 4165 2711 4222 re·¹

1612 4232 1922 4294 -stitutaeque
1961 4226 2141 4276 matris
2181 4239 2343 4288 usque
2378 4239 2444 4273 eo
2482 4224 2691 4275 floruit!

1618 4308 1841 4370 Integre
1864 4313 2037 4355 tamen
2062 4302 2126 4358 *iu
2154 4301 2322 4386 Calig.
2344 4316 2404 4352 c.
2425 4305 2510 4351 28.
2541 4309 2557 4331 “
2584 4303 2686 4353 Re«.
