3025 4934
510 381 641 449 668

1208 396 1427 447 NOTAE
1477 394 1880 445 vammum
1933 396 2017 445 m

511 541 664 592 relius
696 541 909 605 Orestes,
951 539 1040 604 qni
1082 552 1200 590 cum
1238 539 1319 589 M.
1361 537 1583 589 Aimilio
1648 538 1908 589 adversus:
1971 538 2162 588 tondes·
2217 536 2321 600 <ius
2367 538 2607 591 ediderat
2645 553 2711 590 ex

507 617 715 682 -Lepido
731 616 914 667 consul
930 613 1053 673 fnit.
1070 615 1137 665 A.
1152 616 1221 664 U.
1238 616 1300 665 C.
1316 627 1578 665 ncxxvtt.

1648 613 1884 664 bistorioe
1902 614 2126 664 veritate
2141 614 2407 679 schottus,
2422 616 2561 681 quod
2582 618 2710 666 malo

509 695 643 745 Mss.
665 694 828 744 nostri
852 693 1109 754 Hor-ueste,
1131 693 1219 742 alii
1239 692 1470 742 Horeste.
1502 693 1576 742 Et
1651 690 1890 753 exemplo
1914 690 2078 739 secuti
2101 698 2250 740 erant
2269 692 2470 756 reliqui.
2501 692 2710 743 Sallust.

508 787 631 823 mox
652 773 836 822 Marsis
856 785 952 837 pro
975 771 1144 834 Magis
1160 773 1344 822 vitiose
1368 770 1575 837 profec-

515 858 593 900 to.
626 847 815 899 Some.

511 949 519 960 .
576 925 653 988 §4
686 924 890 988 AEdilis]
923 923 1121 974 Horum
1144 931 1294 974 erant
1315 923 1403 972 alii
1426 915 1574 973 cere·

509 1002 640 1063 ales,
675 1001 765 1050 alii
788 1014 963 1050 curam
1001 999 1235 1050 ludorum
1262 1009 1422 1064 atque
1445 1000 1574 1049 sedi·

509 1093 597 1127 um
644 1077 913 1128 babentes.
991 1076 1056 1126 In
1111 1077 1208 1127 boc
1259 1077 1573 1141 magistratu

510 1153 985 1218 sumptuosissimns
1009 1151 1129 1202 fuit.
1163 1149 1328 1203 Maeli.

505 1267 516 1279 .
563 1229 687 1279 Jan·
706 1228 965 1292 reddendo]
989 1227 1125 1278 Vide
1143 1229 1179 1277 l.
1197 1229 1325 1278 1.D.
1344 1227 1413 1278 de
1428 1229 1571 1279 AEdi·

508 1305 627 1356 litio
650 1306 874 1366 Edicto;
896 1312 952 1355 et
972 1306 1212 1355 Institut.
1235 1306 1301 1355 de
1317 1305 1448 1356 Jure
1465 1308 1572 1357 Na-

508 1383 667 1432 turali
708 1381 959 1432 Gentium
1002 1389 1059 1432 et
1102 1380 1275 1432 Civili.
1327 1381 1573 1440 δεήσεται,

506 1459 645 1509 Not.
660 1459 793 1509 Min.

507 1563 518 1572 ⁴
574 1536 603 1600 §
625 1539 656 1586 δ
681 1536 877 1585 Proetor
890 1535 1118 1584 mensus
1132 1534 1429 1596 seguntiam
1445 1548 1571 1597 pug-

447 1659 450 1662 ,
505 1611 661 1675 unit,
698 1610 878 1673 tam]
912 1610 999 1661 Sic
1039 1611 1331 1661 Colinaeus:
1363 1611 1416 1659 in
1452 1612 1571 1659 reli·

506 1690 623 1751 quis
668 1687 888 1749 vulgatis
919 1689 1161 1751 pugnavit
1212 1694 1359 1736 recte
1406 1685 1574 1738 abest.

504 1766 525 1816 .‘
548 1764 812 1827 Jugurtbs
834 1764 971 1813 enim
995 1764 1118 1813 belli
1138 1778 1329 1813 moram
1350 1763 1571 1813 redime·

507 1839 638 1902 bat:
680 1840 851 1905 inquit
893 1839 1183 1889 Sallustius.
1217 1839 1349 1888 Mss.
1390 1852 1572 1889 omnes

503 1916 767 1977 June-mlta
782 1916 1010 1966 adversus
1024 1915 1231 1976 taudem,
1251 1929 1374 1964 vere
1390 1930 1407 1976 ς
1442 1930 1570 1964 non-

504 1992 637 2042 nulli
653 2006 861 2043 eversus.
926 1991 1142 2053 Legum
1166 1992 1426 2055 Calpur-uio
1446 1993 1572 2042 scri-

503 2069 733 2122 bendum
755 2067 941 2117 suadet
964 2067 1260 2116 Sallustius.
1320 2067 1406 2117 Sic
1427 2070 1567 2118 enim

503 2144 855 2206 Jugnrtbino:
888 2144 906 2170 ‘
930 2142 1241 2207 Calpurnius
1277 2152 1457 2207 parato
1481 2158 1572 2193 ex·

503 2221 697 2282 ercitn,
736 2222 879 2283 legat
920 2218 1034 2273 sibi,
1065 2217 1298 2270 homines
1345 2219 1570 2283 nobiles,

502 2294 769 2355 factiosos,
810 2307 1030 2359 quorum
1081 2294 1415 2351 auctoritate,
1455 2310 1572 2359 qnae

505 2370 836 2436 deliquisset,
856 2369 1057 2419 munita
1068 2366 1180 2419 fore
1201 2369 1480 2433 sperabat:
1514 2373 1572 2422 in

501 2447 654 2512 queis
674 2446 777 2495 fuit
810 2447 1049 2501 Scaurus,
1081 2443 1202 2496 &cl
1268 2448 1402 2497 Post
1426 2450 1573 2511 paul-

504 2525 589 2573 lo:
637 2526 655 2552 ‘
675 2521 780 2574 Ubi
816 2522 1079 2587 Jugurtba
1111 2524 1334 2588 pecunia
1367 2538 1477 2588 per·
1497 2527 1572 2575 le-

508 2612 662 2665 gatos
699 2607 929 2663 tentare,
964 2600 1191 2666 bellique
1233 2601 1371 2666 quod
1410 2604 1570 2652 admi·

504 2677 783 2738 nistrabst,
804 2676 1144 2739 asperitatem
1169 2676 1446 2728 ostendere
1466 2693 1570 2728 coe·

505 2754 606 2817 pit,
633 2752 832 2802 animus
855 2766 993 2814 teger
1019 2752 1239 2802 avaritia
1267 2751 1422 2804 facile
1449 2767 1571 2803 con·

507 2844 688 2879 versus
728 2836 824 2877 est.
891 2829 1151 2879 Caeterum
1189 2830 1358 2879 socius
1390 2840 1445 2880 et
1479 2835 1569 2881 ad·

504 2906 746 2956 minister
780 2905 1006 2954 omnium
1049 2906 1380 2956 consiliorum
1424 2920 1569 2956 assu-

504 2982 665 3031 mitur
685 2982 941 3031 Scaurus:
978 2982 1062 3045 qui
1096 2983 1303 3031 tametsi
1324 2996 1356 3031 a
1378 2983 1571 3046 princi-

503 3059 593 3123 pio
609 3058 872 3123 plerisque
891 3073 956 3108 ex
977 3057 1208 3108 factione
1222 3059 1337 3122 ejus
1351 3073 1569 3126 corrup-

503 3136 594 3199 tis,
637 3135 888 3184 acerrime
939 3147 1115 3197 regem
1158 3135 1571 3201 impugnaverat,

503 3220 681 3262 tamen
712 3210 1069 3274 magnitudine
1100 3212 1337 3275 pecuniae
1372 3228 1403 3262 a
1437 3214 1570 3263 bono

500 3290 821 3350 honestoque
835 3288 885 3336 in
903 3301 1116 3350 pravum
1128 3287 1423 3359 abstractus
1437 3300 1518 3340 est
1534 3291 1570 3340 ε·

501 3381 607 3431 quo
646 3367 761 3415 loco
797 3370 955 3413 temen
988 3378 1086 3429 pro
1127 3368 1320 3414 comm
1355 3368 1569 3430 posuit:

500 3455 663 3508 quare
696 3440 823 3489 nihil
859 3445 1017 3489 muto.
1078 3440 1168 3490 Sic
1201 3441 1338 3490 enim
1372 3449 1429 3492 et
1459 3444 1567 3493 No·

501 3519 620 3568 nius
657 3515 941 3565 Marcellus
966 3516 1195 3579 explicat
1218 3531 1283 3565 ex
1318 3531 1409 3567 ln.
1444 3519 1568 3568 His·

503 3593 751 3643 toriarum
801 3590 1032 3654 ejusdem
1076 3592 1328 3642 Sallustii.
1415 3593 1568 3645 Idem

500 3665 779 3720 Sallustius
814 3667 1012 3716 diserte
1043 3667 1116 3716 ait
1157 3669 1217 3717 C.
1267 3657 1568 3720 Memmium

407 3799 411 3808 ,
501 3745 628 3796 trib.
653 3743 819 3807 plebis
853 3743 1101 3805 populum
1137 3758 1364 3806 rogasse,
1400 3749 1475 3795 uti
1509 3748 1569 3796 L.

502 3821 733 3876 Cassius,
762 3819 852 3883 qui
876 3832 938 3868 eo
962 3833 1095 3868 anuo
1121 3831 1316 3884 praetor
1338 3831 1477 3886 erat,
1502 3822 1566 3871 ad

500 3896 810 3961 Jugurthsm
835 3896 1386 3963 mitteretur-,eumque
1405 3900 1566 3974 inter·

502 3973 673 4037 posita
689 3971 800 4021 fide
837 3972 1066 4036 publiea,
1089 3974 1303 4023 Romam
1339 3974 1570 4027 deduce·

1648 765 1775 828 Jug.
1817 780 1866 815 c.
1901 770 1985 816 28.
2053 766 2192 818 Quid
2233 768 2277 815 si
2317 775 2500 817 auctor
2536 782 2710 817 vocem

1644 842 1869 905 prator-is
1925 843 2089 892 minus
2143 844 2355 907 proprie
2399 844 2712 908 adhibuerit,

1648 931 1743 981 pro
1766 932 1828 967 eo
1849 918 1934 982 qui
1961 920 2159 980 legatus
2183 920 2334 968 erat?
2401 918 2507 969 Sed
2538 921 2710 983 potius

1649 993 1789 1043 iuter
1811 1008 1916 1043 non
1951 994 2308 1060 infrequentes
2334 994 2532 1045 Aurelii
2575 1009 2714 1045 erro·

1647 1083 1732 1118 res
1759 1070 2033 1131 posuerim.
2067 1071 2242 1120 Arutz.

1714 1144 2016 1209 Sumptibus]
2052 1145 2302 1208 Cupediis
2338 1160 2518 1210 ganeae
2541 1161 2607 1196 ne
2630 1161 2713 1196 ur·

1648 1232 1918 1285 gerentur,
1943 1220 2306 1287 suffragiisque
2324 1222 2626 1287 ingentibus
2639 1223 2714 1273 di·

1646 1297 1974 1356 yiderentnr.
2007 1298 2178 1347 Maeli.

1710 1378 1739 1439 §
1793 1379 1827 1425 6
1881 1373 2186 1440 Adsunt-gere]
2244 1374 2470 1424 Honoris
2524 1377 2710 1440 gratia.

1645 1449 1812 1500 Maeli.
1875 1451 2049 1501 Etiam
2084 1452 2101 1479 ⁸
2126 1465 2261 1516 equo
2291 1450 2614 1502 descendere
2639 1452 2654 1474 '
2679 1467 2710 1504 a

1645 1527 1915 1584 lictoribus
1956 1525 2299 1592 jubebantur.
2394 1527 2710 1592 Exemplum

1645 1603 1784 1667 apud
1808 1601 1981 1654 Valer.
2003 1604 2150 1653 Max.
2182 1617 2316 1654 vui.
2338 1608 2388 1653 δ.
2457 1604 2621 1654 Plura
2644 1604 2707 1653 de

1645 1679 1742 1729 boc
1774 1680 1876 1730 ritu
1898 1680 2084 1732 Justus
2118 1680 2322 1743 Lipsius
2356 1687 2534 1729 noster
2569 1683 2621 1730 in
2643 1680 2710 1729 Ε-

1645 1757 1798 1807 lectis
1821 1757 2086 1807 disseruit.
2120 1758 2311 1807 sehon.
2375 1757 2519 1807 Male
2553 1763 2708 1809 trans·

1643 1840 1832 1885 euntem
1863 1834 1968 1899 ipso
1992 1836 2187 1884 sedente
2223 1833 2375 1883 Leid.
2400 1838 2450 1884 1.
2481 1848 2711 1899 exsurge-

1643 1925 1698 1962 re
1731 1911 1907 1963 Haun.
1940 1910 2119 1961 Arutz.

1712 1988 1870 2052 Sella]
1905 1991 2014 2040 Per
2054 1989 2358 2053 ἆντίστιχον,
2398 1991 2547 2054 quasi
2589 1990 2607 2019 ‘
2629 2004 2706 2040 se·

1646 2065 1765 2115 dam
1779 2065 1797 2089 ’
1817 2067 2023 2129 dixere,
2043 2065 2170 2116 inde
2192 2074 2209 2097 ‘
2225 2064 2563 2116 subsellium.’
2595 2066 2710 2116 Ma-

1643 2142 1786 2191 claun.

1709 2220 1804 2283 §⁸⁷
1854 2218 2090 2284 Ligures]
2127 2218 2328 2283 Reperi
2359 2232 2526 2282 nuper
2571 2211 2708 2282 apud

1646 2294 1862 2344 Lucium
1907 2296 2118 2345 Florum
2166 2295 2324 2345 etiam
2369 2302 2510 2344 trans
2545 2295 2709 2357 Alpes

1648 2370 1881 2421 incolere
1917 2371 2157 2435 Ligures,
2179 2370 2596 2435 quandoquidem
2633 2371 2711 2419 in-

1647 2447 1766 2511 quit
1806 2447 2216 2511 ‘Transalpinos
2264 2447 2479 2511 Ligures
2543 2446 2710 2499 vicit-⁹

1647 2523 1876 2574 Maeliani.

1713 2599 1996 2663 Gentinos]
2062 2598 2169 2652 Alii
2228 2602 2482 2651 Cnnru’seos
2492 2618 2513 2661 ‚-

1649 2676 1919 2729 caminos.
1978 2677 2037 2727 [n
2063 2678 2409 2728 Volaterrano
2424 2678 2479 2727 bi
2501 2677 2715 2734 absunt,

1646 2750 1786 2803 forte
1845 2768 2003 2817 supra
2061 2752 2381 2816 adscriptum
2436 2755 2713 2817 glossema,

1647 2830 1783 2894 qnod
1809 2828 2014 2879 finitimi
2047 2829 2154 2879 sint
2183 2829 2461 2893 Liguribus
2499 2830 2712 2894 populi:

1647 2914 1764 2970 post
1790 2907 2062 2956 intextum
2089 2919 2184 2970 per
2200 2903 2277 2954 fas
2300 2920 2394 2968 per
2412 2903 2559 2955 nefas
2583 2906 2715 2954 irru-

1647 2983 1754 3047 pit:
1773 2982 2042 3045 Triumphi
2056 2981 2337 3045 Capitolini
2351 2981 2416 3031 de
2435 2981 2714 3043 Liguribus

1649 3069 1850 3113 tantum
1893 3063 2237 3124 triumphasse
2281 3060 2536 3110 Scaurum
2583 3060 2709 3110 scri·

1646 3138 1777 3188 bunt
1808 3153 1946 3188 anno
1982 3149 2309 3187 ncxxxvm.
2335 3144 2453 3199 post
2491 3135 2712 3186 Romam

1646 3214 1926 3263 conditam.
1976 3212 2160 3268 sehon.
2231 3213 2488 3261 Gontiscos
2534 3212 2712 3273 legere

1647 3291 1973 3355 onuphrium
1997 3289 2196 3339 monuit
2217 3288 2453 3339 Ortelius
2480 3287 2532 3337 in
2556 3288 2715 3337 Thes.

1646 3384 1776 3419 voce
1820 3376 1836 3399 ‘
1860 3366 2137 3422 Gentisci‚’
2171 3366 2265 3416 bos
2303 3380 2391 3415 eos
2428 3380 2561 3422 esse,
2582 3379 2710 3430 qnos

1647 3448 1662 3475 ‘
1687 3446 1943 3496 Genticos
1960 3442 1975 3466 ’
2004 3443 2238 3507 appellat
2267 3442 2500 3492 Avienus
2525 3441 2713 3492 eodem

1644 3523 1762 3574 loco
1797 3520 2093 3570 existimati
2145 3518 2209 3567 de
2241 3518 2369 3566 vitio
2405 3517 2710 3578 suspectum

1645 3595 1800 3647 habet
1820 3594 2227 3658 locumPigliius
2251 3593 2390 3642 Anu.
2408 3599 2532 3643 tom.
2550 3607 2635 3644 111.
2659 3608 2716 3657 p.

1646 3676 1760 3722 103.
1828 3672 1932 3722 Sed
1969 3673 2097 3720 satis
2132 3678 2339 3721 constat
2364 3669 2633 3718 Victorem
2659 3670 2710 3717 in

2579 2602 2710 2653 Mss-

1644 3750 1886 3813 Epitome
1921 3763 2013 3797 sua
2053 3761 2140 3797 eos
2173 3760 2315 3807 saepe
2355 3753 2567 3793 secutos
2599 3758 2712 3794 esse

1642 3828 1933 3889 historicos,
1958 3827 2047 3892 qui
2083 3823 2472 3874 accuratissime
2501 3833 2557 3871 et
2594 3822 2711 3871 dili·

1644 3902 1947 3966 gentissime
1992 3901 2229 3951 minimas
2274 3899 2429 3947 etiam
2475 3912 2559 3947 res
2600 3897 2712 3947 fue·

1645 3989 1765 4029 runt
1790 3978 2073 4043 prosecuti,
2090 3977 2177 4041 qui
2201 3990 2316 4025 cum
2341 3981 2398 4024 ut
2413 3975 2598 4038 reliqui
2620 3974 2713 4024 bu-

503 4056 624 4102 ret:
661 4062 764 4113 quo
784 4045 991 4097 facilius
1016 4047 1205 4097 indicio
1232 4051 1388 4112 regis,
1405 4052 1566 4102 Scau·
1635 4056 1726 4119 jus
1762 4056 2013 4119 temporis
2047 4054 2327 4116 scriptores
2362 4050 2518 4099 bodie
2541 4053 2713 4113 perie-

501 4128 547 4177 ri
577 4135 633 4176 et
663 4128 993 4191 reliquorum,
1015 4139 1144 4190 quos
1177 4131 1412 4190 pecuniae
1444 4146 1568 4195 cap·

465 4207 472 4215 '
500 4211 573 4253 tae
606 4202 957 4265 arcessebant,
992 4201 1188 4252 delicta
1233 4206 1567 4267 patelierent.

505 4280 687 4332 δώσει.
749 4279 967 4343 Legntus
1011 4279 1263 4343 Calpurnii
1304 4282 1569 4347 Jugurthae

1645 4133 1772 4193 rint,
1790 4147 1891 4182 non
1916 4131 2094 4181 statim
2120 4129 2291 4178 omnia
2318 4126 2568 4177 debemus
2591 4127 2712 4187 reji-

1644 4223 1787 4266 cere,
1837 4222 1953 4271 quae
1996 4219 2125 4254 uuus
2169 4212 2373 4254 tantum
2424 4202 2714 4265 reliquerit,

1639 4282 1936 4350 praesertim
1970 4280 2018 4331 si
2039 4279 2254 4331 aliorum
2288 4276 2571 4330 narrationi
2603 4290 2712 4327 non
