3025 4934
487 404 620 469 840

1182 415 1407 467 No'rAE
1454 415 1866 467 vammum
1919 416 1999 466 m

487 565 504 593 ‘
529 563 701 613 Cerno
721 559 893 611 auimo
913 559 1118 623 sepulta
1140 558 1194 608 in
1216 559 1390 624 patria
1405 560 1560 609 ruise·
1614 559 1833 613 scribit.
1863 560 2054 611 Sason.
2122 558 2277 612 Adde
2294 574 2501 627 quoque
2521 560 2696 610 doctos

494 651 581 689 ros
606 644 763 701 atque
789 637 1079 699 insepultos
1102 649 1315 694 acervos
1336 634 1563 685 civium-⁹
1633 637 2089 687 commentatores
2128 639 2192 688 ad
2227 639 2452 688 eundem
2476 639 2692 688 Ammia-

495 714 649 766 Quod
675 711 823 763 addit
850 710 1061 763 fluxisse
1084 726 1323 762 cruorem
1359 717 1376 741 ⁴
1393 709 1562 762 flumi-

493 807 616 843 num
641 787 832 848 modo,’
875 788 1044 854 poetis
1076 792 1242 853 magis
1266 796 1350 839 est
1373 790 1565 840 usitata

492 869 745 934 loquendi
782 867 940 929 ratio,
964 881 1116 933 quam
1149 866 1332 929 majori
1359 874 1564 917 tumore

496 953 713 1009 superat
754 945 936 995 Florus
978 957 1020 996 ι.
1056 947 1138 994 18.
1175 944 1262 993 nbi
1297 943 1566 994 incendio·

498 1036 612 1071 rum
638 1020 857 1083 vestigia
880 1020 1073 1071 Gallici
1097 1023 1113 1049 ‘
1131 1021 1393 1085 sanguinis
1416 1022 1566 1071 iuun-

496 1099 713 1149 datione
732 1097 749 1121 ’
768 1098 947 1147 deleta
972 1105 1247 1147 memorat.
1280 1096 1454 1146 Arntz.

566 1173 997 1237 Chonodomarius]
1038 1175 1376 1230 Nodomars'as,
1399 1174 1566 1224 Cassi·

497 1255 586 1303 ani
610 1261 667 1302 et
687 1252 909 1317 Gryphii
935 1251 1297 1315 Lugdunensis
1322 1259 1564 1315 typogra-

496 1331 586 1394 pbi
603 1329 942 1393 exemplaria.
968 1328 1293 1378 Badomars'us
1306 1342 1427 1378 vero
1443 1327 1565 1376 Bal-

494 1409 718 1456 domatus
749 1411 832 1455 est
864 1405 917 1454 in
945 1405 1279 1455 membraneo
1301 1404 1418 1455 eod.
1439 1418 1565 1469 qua·

498 1492 620 1534 tuor
643 1487 847 1532 tantum
882 1480 1112 1546 syllabis,
1146 1480 1238 1530 sed
1261 1483 1281 1531 i
1301 1482 1437 1531 inter
1457 1497 1488 1530 a
1510 1487 1569 1530 et

499 1561 533 1609 d
568 1559 865 1623 interjecta.
939 1559 1176 1608 Eundem
1218 1557 1389 1607 Annu-
1424 1559 1569 1607 Mar·

500 1636 718 1687 cellinus
751 1635 884 1686 libro
915 1634 1309 1700 quartodecimo
1343 1642 1401 1686 et
1430 1635 1569 1685 vice·

502 1712 634 1761 simo
678 1719 830 1761 sesto
884 1718 941 1762 et
981 1711 1108 1761 alibi
1153 1710 1570 1777 pentasyllabum

498 1786 664 1838 facitz
689 1787 779 1837 sed
809 1786 1146 1838 Vadomarium
1165 1787 1210 1834 V
1244 1800 1339 1852 pro
1367 1787 1413 1835 B
1443 1786 1572 1835 scri-

502 1864 600 1914 bit.
643 1864 805 1914 Viset-
870 1865 1192 1914 Nodomarias
1235 1864 1402 1914 nostri
1444 1877 1573 1928 qno·

501 1954 607 2005 que
641 1939 771 1990 Mss-
792 1932 1111 1991 Veronensis
1144 1947 1200 1991 et
1240 1940 1574 2004 Augustanus

503 2017 622 2068 cod.
657 2016 972 2067 Marcellino
1006 2015 1458 2067 ‘Gundomadus’
1494 2024 1574 2067 est

502 2094 601 2143 lib.
628 2107 752 2145 xW.
809 2094 964 2144 Alter
989 2095 1005 2123 ‘
1024 2092 1420 2154 Baldomarius’
1446 2108 1571 2157 pen·

502 2172 790 2235 tasyllabus
842 2170 1026 2221 iisdem
1072 2173 1233 2222 libris.
1298 2171 1574 2222 Ammiano

505 2250 523 2276 ‘
549 2246 929 2298 Vadomarius?
993 2248 1124 2297 Mox
1181 2249 1400 2311 Urguere
1446 2249 1575 2298 scri·

503 2325 638 2373 bunt
658 2324 790 2372 Mss.
815 2331 874 2372 ut
892 2320 1027 2372 infra
1048 2339 1167 2388 cap.
1187 2328 1268 2374 43.
1333 2325 1422 2374 Sic
1438 2324 1576 2374 dixit

503 2399 769 2449 Ausonius
820 2397 891 2448 ad·
937 2399 1186 2449 Pontium
1242 2400 1520 2451 Paulinum
1555 2415 1573 2451 t

504 2478 523 2507 ‘
546 2476 770 2527 Occidui
817 2490 901 2526 me
937 2475 1052 2540 ripa
1083 2476 1235 2540 Tagi,
1258 2491 1341 2526 me
1375 2478 1578 2528 Punica

505 2555 658 2604 laedit
690 2555 947 2604 Barcinos
985 2569 1066 2603 me
1089 2554 1305 2604 bimaris
1317 2556 1448 2619 juga
1471 2555 1581 2603 niu·

507 2631 669 2697 guida
703 2629 968 2682 Pirenaei.’
1002 2631 1189 2681 Schote-
1254 2631 1580 2680 Nodomarius

506 2709 670 2773 priori
711 2710 826 2759 loco
870 2708 1049 2758 Guelf.
1095 2715 1151 2758 et
1186 2708 1336 2758 Leid.
1369 2713 1419 2758 2.
1457 2723 1578 2758 cnm

507 2785 771 2848 plerisque
789 2784 963 2833 editis.
998 2784 1236 2834 Alterum
1261 2798 1435 2848 regern
1458 2786 1579 2834 Bal·

507 2862 772 2911 domarim
795 2860 1026 2925 appellat
1053 2861 1198 2910 Leid.
1217 2863 1266 2909 1.
1318 2861 1580 2911 Baldoma·

505 2953 616 2990 nm
638 2938 788 2987 Leid.
810 2938 963 2989 alter.
995 2936 1174 2987 Arutz.

575 3016 603 3078 §
629 3018 692 3063 16
727 3013 829 3063 Hic
849 3014 1182 3077 Constantius]
1217 3013 1367 3064 Hune
1382 3015 1582 3065 Veron.

508 3089 642 3140 Mss.
677 3089 787 3143 hinc
814 3090 997 3140 melius
1032 3097 1086 3140 et
1119 3090 1259 3139 infra
1278 3090 1371 3140 liis.
1436 3091 1582 3141 Male

509 3166 601 3232 qni
623 3167 736 3216 boec
761 3179 792 3216 a
810 3166 1186 3230 superioribus,
1202 3175 1257 3217 ut
1275 3168 1401 3217 alias
1418 3182 1584 3232 saepe,

511 3244 667 3291 titulo
705 3242 928 3306 quodam
963 3242 1286 3304 diviserunt3
1320 3245 1585 3294 cobaerent

513 3318 654 3386 enim
698 3331 817 3367 cum
869 3316 1150 3380 prioribus.
1218 3319 1353 3369 Post
1406 3321 1587 3371 reverti

512 3396 833 3446 Veronensis
853 3395 1051 3460 absque
1065 3402 1137 3446 ut.
1172 3397 1378 3448 Schott.
1413 3400 1585 3463 Supra

514 3472 651 3522 Hinc
692 3485 723 3519 a
765 3471 910 3521 milit.
963 3471 1141 3522 Guelf.
1177 3474 1276 3523 boc
1320 3474 1433 3524 loco
1474 3476 1587 3525 hine

520 3548 866 3598 Constantinus
915 3548 1067 3598 Leid.
1124 3554 1170 3599 1.
1223 3558 1282 3601 et
1335 3552 1584 3616 deinceps

515 3624 620 3674 His
645 3624 957 3675 Constantius
980 3625 1160 3676 Guelf.
1184 3635 1241 3677 et
1278 3628 1425 3679 Leid.
1451 3631 1586 3694 opti·

518 3714 652 3751 mus.
696 3700 872 3752 Arntz.

581 3782 608 3844 ᾗ
656 3783 718 3830 17
775 3780 923 3845 Apud
966 3781 1345 3849 Mopsocrenem]
1415 3783 1588 3833 Amm-

517 3856 859 3907 Marcellinus
885 3857 974 3910 lib.
991 3871 1116 3908 ιιι.
1146 3861 1162 3888 ‘
1181 3860 1349 3910 Petiit
1369 3874 1462 3924 per
1482 3861 1588 3909 vias

519 3934 761 3986 difficiles
796 3937 1078 4002 Myandam
1119 3938 1319 3988 ciliciae
1354 3938 1587 3988 nltimam

516 4012 616 4061 hac
657 4012 1077 4077 pertingentibus
1134 4014 1434 4077 stationem,
1490 4015 1588 4065 sub

515 4089 679 4140 Tauri
713 4092 900 4140 montis
923 4090 1186 4141 radicibus
1212 4092 1434 4154 positam
1453 4091 1488 4142 :'
1514 4095 1592 4144 sie

518 4167 654 4217 enim
679 4166 813 4217 Rob.
845 4167 1099 4231 Stephani
1135 4167 1331 4217 editio:
1365 4168 1589 4234 Grypbii

517 4258 646 4294 vero
668 4245 822 4308 longe
847 4244 1099 4305 integrior
1121 4244 1484 4307 Mopsuestim.
1535 4246 1583 4296 1·

517 4318 640 4370 dem
664 4320 868 4386 imperii
892 4321 1120 4385 vittaque
1145 4335 1283 4370 auno
1300 4322 1589 4385 quadrage-

518 4397 651 4450 simo
679 4404 736 4448 st
767 4397 1031 4449 mensibus
1064 4398 1248 4463 paucis
1276 4398 1587 4451 exstinctum

1638 727 1759 764 num
1782 727 1899 765 xiv.
1922 718 1973 764 8.
2005 722 2061 765 et
2083 728 2208 765 xxx.
2235 720 2318 764 15.
2350 729 2469 765 cum
2494 715 2694 768 Ortelio

1636 789 1690 841 in
1716 797 1731 822 ‘
1751 789 2221 853 Hemopsonestia.’
2252 792 2430 841 Arnus.

1703 868 1731 931 ᾧ
1754 871 1817 917 18
1850 868 1999 917 Felix
2018 868 2155 916 bellis
2166 867 2412 931 ciuilibus]
2447 868 2517 917 Et
2538 868 2699 929 Span·
2737 883 2746 891 ·

1638 942 1840 993 hemina
1877 944 1942 993 ad
1989 943 2184 996 Julian.
2225 944 2381 993 Orat.
2422 958 2458 993 ι.
2498 959 2551 1008 p.
2593 949 2702 994 168.

1641 1020 1795 1074 Quod
1855 1019 1987 1070 dicit
2025 1022 2041 1049 ‘
2065 1020 2225 1069 mirus
2265 1019 2460 1069 artifex
2477 1017 2493 1040 '
2546 1022 2702 1070 credo

1639 1096 1775 1146 hanc
1798 1094 2072 1146 formulam
2102 1102 2402 1158 corruptam
2428 1109 2546 1145 esse
2567 1097 2703 1159 apud

1641 1172 1969 1223 Ammianum
1993 1187 2113 1224 xlv.
2138 1179 2190 1223 5.
2222 1172 2331 1222 ‘Ut
2352 1179 2472 1223 erat
2495 1172 2548 1221 in
2571 1187 2705 1222 coru·

1643 1250 1899 1314 plicaudis
1917 1251 2138 1312 negotiis
2157 1248 2349 1300 artifex
2367 1248 2512 1301 dirus
2530 1248 2564 1300 ε’
2586 1249 2710 1302 scri-

1644 1325 1713 1378 bo
1734 1327 1902 1378 mirus.
1932 1325 2113 1376 Arnts.

1691 1370 2265 1466 Muuum'intemperm]
2284 1403 2567 1466 Temperans
2577 1402 2709 1452 Mss-

1643 1485 1702 1530 et
1739 1480 2076 1536 Veronensis,
2098 1487 2153 1529 et
2186 1487 2330 1529 certe
2368 1478 2711 1528 confirmatur

1645 1568 1707 1605 ea
1727 1554 1887 1605 lectio
1920 1555 2181 1605 Ammiani
2215 1554 2467 1605 historica
2491 1556 2713 1605 narrati·

1646 1645 1748 1681 one
1766 1631 1859 1680 lib.
1885 1643 2003 1681 xxi.
2034 1631 2261 1679 Similem
2282 1631 2452 1681 locum
2476 1646 2636 1695 supra
2658 1631 2712 1684 in

1646 1706 1883 1771 Augusto
1902 1708 2179 1759 emendavi
2196 1711 2224 1772 ξ
2239 1713 2323 1759 21.
2345 1711 2577 1759 ‘multum
2595 1710 2714 1758 abs-

1649 1785 1852 1836 tinens!
1885 1786 2074 1836 Schott.
2137 1785 2258 1835 Hoc
2293 1785 2504 1837 firmant
2535 1799 2714 1836 omues

1649 1864 1830 1912 nostri.
1860 1861 2037 1912 Arata.

1714 1940 1743 2003 §
1763 1944 1828 1988 2⁰
1859 1939 2141 2005 Amantius]
2181 1938 2363 2005 Antiq.
2385 1939 2475 1989 lib.
2494 1955 2580 2004 per
2597 1942 2719 1990 sda-

1647 2021 1873 2068 mancias.
1908 2018 2087 2070 Vinet.
2154 2019 2471 2069 Adamantius
2505 2016 2636 2069 Mas.
2659 2026 2722 2069 et

1652 2093 1967 2146 Veronensis
2024 2094 2196 2145 codex
2262 2096 2420 2159 longe
2472 2096 2724 2158 optimus.

1650 2172 1840 2221 Scluat.
1890 2172 2064 2236 Vulgo
2084 2171 2378 2221 Amantius:
2403 2173 2496 2222 sed
2522 2174 2722 2222 rectius

1648 2248 1921 2298 Schottiet
1946 2250 2120 2298 vineti
2140 2250 2294 2299 cedd.
2319 2250 2449 2299 Mss.
2470 2247 2722 2298 Adamas-

1649 2325 1763 2378 eias.
1805 2326 2229 2377 Jac.Durantins
2253 2327 2527 2376 variarum
2553 2340 2617 2377 ιι.
2639 2331 2725 2377 17.

1652 2404 1845 2451 mavult
1877 2405 2129 2453 amentias.
2187 2403 2290 2454 Sed
2314 2405 2618 2454 adamantias
2638 2395 2727 2453 rev

1655 2477 1810 2527 tineri
1861 2493 2017 2541 posse
2066 2493 2276 2538 censeo,
2320 2482 2432 2528 sive
2476 2480 2726 2529 mulieres
2749 2507 2758 2514 ·

1653 2568 1716 2603 co
1737 2555 1963 2616 nomine,
1984 2556 2094 2603 sive
2115 2570 2344 2618 gemmas
2366 2557 2526 2604 amori
2545 2557 2726 2605 conci·

1654 2631 1829 2680 liaudo
1844 2629 2083 2681 efficaces
2098 2633 2536 2695 intelligamus,ut
2554 2638 2571 2661 ⁴
2586 2632 2726 2681 Gora·

1655 2709 1835 2771 gonias
1849 2707 1866 2731 ’
1894 2724 1987 2773 pro
2005 2709 2200 2768 philtro
2218 2710 2425 2771 accepit
2450 2709 2592 2758 idem
2612 2711 2727 2759 Dis-0

1657 2785 1875 2834 tentius.
1908 2784 2043 2849 sylb.
2111 2784 2250 2834 Illud
2275 2784 2551 2846 Gorgonius
2582 2786 2725 2834 insa,

1655 2874 1724 2910 no
1746 2861 2054 2910 emendandi
2077 2861 2341 2926 prurigine
2365 2863 2619 2913 reducere
2635 2878 2728 2912 vo·

1655 2938 1798 2988 lebat
1813 2939 1951 2987 idem
1972 2939 2257 2988 Durautius
2271 2939 2307 2987 1.
2324 2939 2357 2987 l.
2374 2939 2515 3002 apud
2529 2939 2728 2991 Quinc·

1657 3015 1738 3065 til.
1760 3015 1919 3065 Deci.
1944 3027 2040 3064 xv.
2059 3019 2111 3065 7.
2143 3021 2197 3065 et
2219 3016 2439 3077 exponit
2461 3030 2556 3078 per
2594 3024 2610 3047 ⁸
2631 3031 2723 3079 po-

1656 3091 1821 3141 tiones
1844 3091 2142 3152 amatorias,
2173 3090 2362 3154 quibus
2383 3092 2651 3142 exhaustis
2669 3093 2727 3141 in

1659 3168 1938 3218 amicarum
1953 3175 2236 3231 conspectu
2258 3166 2468 3231 qnidam
2486 3170 2634 3232 qnasi
2650 3169 2728 3218 la·

1657 3243 1939 3309 pidescunt
1963 3241 1996 3289 ε’
2041 3248 2226 3305 argute
2269 3256 2416 3305 sane,
2461 3244 2551 3308 qni
2593 3245 2725 3293 tales

1660 3320 1809 3376 nobis
1827 3321 2053 3381 ineptias
2073 3318 2293 3383 fingunt.
2356 3320 2464 3370 Sed
2486 3322 2529 3369 si
2546 3322 2727 3371 Am-

1656 3398 1745 3448 ts‘oe
1764 3396 1866 3461 (sie
1888 3398 2024 3446 enim
2050 3395 2207 3461 legit)
2238 3405 2294 3447 et
2332 3398 2595 3461 Gorgo-ie
2613 3397 2727 3461 φίλ-

1658 3490 1749 3536 τρα
1778 3473 2054 3535 notabunt,
2092 3473 2216 3537 qnid
2251 3473 2351 3523 sibi
2387 3476 2550 3525 velint
2571 3475 2730 3525 verba

1658 3549 1675 3579 ‘
1700 3559 1757 3601 et
1778 3550 1882 3600 alia
1905 3551 2182 3613 inportuna
2204 3551 2491 3602 ministeria
2507 3550 2548 3600 ?.'
2596 3552 2728 3601 Hac

1662 3627 1841 3690 utique
1863 3625 2095 3676 iudicare
2117 3625 2361 3676 videntur
2382 3628 2731 3689 Gorgoaiaset

1660 3701 1917 3752 Antonias
1938 3702 2167 3751 bomines
2183 3700 2363 3764 fuisse,
2380 3717 2484 3752 non
2506 3704 2730 3753 medica·

1659 3788 1856 3830 menta.
1922 3781 2174 3832 Quanam
2210 3788 2384 3830 autem
2418 3779 2634 3844 fuerint,
2654 3780 2729 3831 di·

1661 3871 1787 3907 cere
1819 3871 1922 3907 uon
1962 3858 2106 3915 licet,
2141 3864 2199 3906 et
2230 3857 2427 3920 OEdipo
2462 3872 2595 3921 opns
2628 3864 2732 3907 est·

1658 3935 1716 3984 Si
1737 3941 1911 3984 tamen
1937 3933 2052 3998 quis
2084 3947 2209 3982 vera
2236 3932 2353 3982 hec
2383 3947 2501 3982 esse
2521 3933 2730 3984 nomina

1663 4026 1764 4062 non
1795 4011 2016 4072 -credat,
2060 4017 2239 4073 posset
2277 4023 2374 4074 per
2411 4009 2730 4059 Ades-antias

1662 4086 1764 4152 (sic
1785 4087 1922 4141 enirn
1950 4087 2130 4136 volunt
2149 4099 2352 4150 quoqne
2387 4086 2557 4135 nostri
2576 4086 2729 4136 codd.

1664 4174 1889 4229 excepto
1923 4165 2071 4214 Leid.
2102 4162 2178 4228 2.)
2200 4163 2494 4227 intelligere
2517 4165 2729 4215 ancillas

1663 4244 1958 4304 veneficas3
1989 4242 2260 4292 adamantis
2291 4241 2429 4291 enim
2458 4242 2623 4292 herba
2649 4252 2730 4293 est

1661 4320 1867 4382 magica
1888 4326 1945 4369 et
1968 4315 2221 4374 venefica,
2242 4317 2309 4368 de
2326 4332 2430 4384 qua
2448 4319 2727 4369 Salmasius

1664 4396 1720 4447 iu
1742 4394 1999 4447 Pliniauis
2035 4394 2518 4448 Exercitationibus
2543 4409 2596 4462 p.
2614 4398 2730 4447 768.
