3025 4934
649 385 934 435 Auum..
983 384 1179 433 vlc‘r.
1258 383 1464 433 ome.
1510 384 1785 434 esuris
1838 386 2020 434 Rom.
2068 387 2229 436 cAP.
2279 388 2394 437 ιιι.
2480 372 2612 440 459

421 527 689 579 saneturx’
741 543 839 579 nec
890 527 1104 579 multum
1147 526 1256 577 abit
1300 526 1478 577 Livius

425 620 591 657 xxm.
616 611 666 656 2.
695 608 711 636 ‘
731 606 1008 672 Improbus
1046 606 1215 667 homo,
1252 605 1343 655 sed
1376 619 1476 656 non

423 682 488 730 sd
525 691 816 734 extremum
849 683 1082 747 perditus
1100 682 1135 742 ;’
1168 683 1219 731 id
1257 689 1357 739 est,
1389 683 1477 748 qui

419 759 646 808 nondum
678 758 744 808 ad
780 773 1029 808 summum
1070 757 1400 823 inprobitatis
1423 767 1478 808 et

419 837 672 885 scelerum
694 835 910 899 gradum
933 836 1257 886 escenderat.
1323 836 1477 886 Cete-

421 925 530 960 rum
574 910 641 960 de
682 911 995 973 Machaone,
1024 917 1080 961 et
1116 910 1238 974 quid
1276 911 1328 960 in
1362 919 1478 961 arte·

417 986 655 1037 medendi
682 987 922 1047 valuerit,
938 986 1116 1038 confer
1133 988 1339 1038 Celsum
1364 989 1475 1039 iuit.

418 1062 579 1112 Praef.
603 1063 692 1112 lib.
719 1067 765 1112 1.
795 1065 972 1114 Arntz.

483 1141 619 1190 cn.
637 1154 701 1189 11.
737 1143 765 1205 ᾧ
790 1145 816 1190 1
844 1141 1059 1205 ΧέρΙιεο]
1085 1141 1305 1192 Quidam
1325 1110 1487 1191 codd.⁸

421 1215 618 1264 Xnuw:
651 1222 706 1265 et
744 1230 882 1272 mox,
914 1218 1194 1278 copulatam.
1263 1218 1475 1268 Creusae

415 1293 777 1343 Eteclitheidis
799 1295 865 1343 ab
882 1295 1121 1359 Apolline
1140 1296 1354 1352 vitiatae,
1371 1309 1474 1344 me-

416 1371 745 1421 minit-etism
769 1372 1056 1422 Paussnias
1079 1372 1129 1421 iu
1153 1372 1364 1435 Atticis,
1391 1378 1475 1423 26.

415 1451 498 1496 37.
520 1447 750 1498 meminit
765 1449 886 1497 item
911 1448 1074 1498 Xuthi
1091 1449 1158 1497 sb
1180 1449 1473 1499 Erechtheo

416 1523 482 1572 a‘d
503 1523 625 1574 filiae
654 1525 963 1576 connubium
997 1526 1168 1584 asciti,
1204 1527 1254 1575 in
1282 1525 1474 1576 Achsi-

415 1600 509 1662 cis,
531 1605 646 1650 205.
668 1603 753 1651 28.
818 1602 919 1652 Sed
943 1602 1094 1666 hujus
1114 1602 1344 1652 historioe
1368 1618 1472 1653 non

415 1678 681 1726 meminitt
717 1692 815 1727 non
852 1679 1066 1726 multum
1104 1679 1346 1728 sbsimilis
1371 1679 1472 1728 his·

413 1754 548 1803 toria
569 1762 815 1805 narretur
834 1756 899 1805 sb
921 1755 1101 1805 eodem
1127 1757 1178 1805 in
1203 1757 1472 1808 Arcadicis

411 1835 525 1880 239.
559 1836 638 1881 17.
675 1831 740 1881 de
781 1831 932 1897 Auge
957 1830 1074 1881 Alei
1105 1832 1210 1881 filie
1248 1833 1314 1881 ab
1339 1832 1473 1883 Her·

412 1906 529 1957 enle
574 1921 887 1971 compresse.
934 1907 1168 1972 Sytburg.
1249 1909 1307 1958 Si
1354 1909 1472 1959 libri

412 1984 504 2033 ulli
526 1993 647 2034 sunt
669 1986 722 2034 in
761 1985 944 2049 quibus
980 1992 1144 2035 restat
1168 1984 1353 2041 Xutho,
1373 1987 1472 2035 uti·-

411 2072 514 2124 que
547 2060 812 2126 sequendi.
878 2060 1075 2111 Fabula
1097 2067 1265 2111 eutem
1290 2062 1473 2112 isthaec

411 2151 513 2185 non
539 2146 645 2188 tam
670 2140 974 2189 enucleatur
993 2155 1057 2189 ex
1080 2139 1353 2189 Psusauiae
1377 2140 1473 2189 At-

413 2214 527 2262 ticis
561 2222 719 2279 etque
742 2215 1000 2276 Achaicis,
1035 2230 1184 2280 quem
1216 2232 1283 2266 ex
1321 2217 1469 2267 Euri·

413 2292 546 2354 pidia
568 2292 728 2355 Ione3
760 2307 876 2358 quae
894 2293 1182 2347 necessario
1202 2295 1471 2362 consulen-

415 2366 499 2416 da.
536 2369 686 2418 Grut.
1386 2419 1394 2430 x

416 2474 429 2485 -
479 2446 612 2496 CAP.
654 2460 744 2496 111.
796 2449 824 2510 ς
861 2450 888 2494 1
936 2446 1241 2510 Saturniam]
1294 2447 1470 2498 Minus

415 2529 586 2573 tamen
608 2534 849 2575 accurate
863 2539 1019 2575 arcem
1035 2534 1258 2575 anostro
1276 2527 1471 2590 vocari,

306 2614 315 2622 ·
413 2614 529 2650 cum
554 2601 738 2664 reliqui
760 2600 928 2649 urbem
944 2599 1143 2663 dicant,
1166 2609 1315 2664 putet
1336 2601 1472 2665 Ryc·
1512 2652 1516 2655 .

413 2677 564 2740 quius
585 2678 652 2726 de
674 2677 850 2740 Capit.
874 2691 988 2741 cep.
1013 2691 1079 2727 u.
1094 2691 1144 2740 p.
1160 2681 1241 2726 15.
1269 2678 1470 2729 Minuc.

410 2753 522 2804 Fel.
547 2753 739 2805 octav.
774 2768 890 2818 cap.
918 2757 1002 2805 22.
1037 2761 1052 2783 ·
1070 2754 1265 2804 Urbem
1290 2756 1471 2806 Satur·

408 2831 545 2880 niam
589 2830 766 2881 dedit’
814 2831 907 2896 (en
948 2830 1188 2895 condidit)
1235 2832 1335 2882 ‘de
1377 2848 1471 2884 suo

368 2954 374 2960 ,
407 2906 654 2956 nomine?
717 2908 833 2958 Sed
863 2920 928 2956 eo
959 2916 1202 2971 respectu
1240 2923 1334 2957 arx
1366 2910 1471 2960 dici

405 2991 601 3046 potest,
620 2982 756 3047 quod
777 2983 948 3046 posite
968 2981 1071 3032 fuit
1088 2983 1140 3032 in
1162 2991 1218 3033 et
1242 2983 1308 3032 ad
1327 2998 1470 3035 mou·

407 3067 514 3108 tem
536 3060 698 3122 illum,
719 3060 907 3123 inquo
931 3068 1115 3123 postea
1141 3063 1294 3110 stetit
1318 3062 1470 3126 Capi·

405 3136 609 3196 tolium,
649 3144 713 3186 ut
753 3137 918 3200 magis
962 3137 1098 3186 arcis
1133 3152 1289 3202 quam
1331 3138 1472 3188 urbis

402 3214 633 3275 speciem
674 3213 963 3276 proeberet:
1000 3222 1054 3263 ct
1091 3216 1326 3264 imitetur
1356 3215 1472 3264 Vir·

405 3291 584 3352 gilium
629 3305 774 3340 suum
813 3289 930 3339 AEn.
968 3302 1092 3339 vlu.
1127 3293 1241 3340 868.
1287 3290 1472 3343 ‘Hauc

404 3366 572 3417 Janus
594 3366 773 3423 Pater,
804 3367 938 3416 hanc
961 3366 1213 3417 Saturnus
1237 3370 1471 3421 condidit

405 3461 614 3496 arcem:
657 3446 957 3496 Juniculum
1002 3446 1143 3509 huic,
1177 3448 1248 3496 illi
1296 3446 1471 3500 fuerat

402 3523 651 3572 Saturnia
671 3521 890 3571 nomen.'
931 3515 1081 3571 Adde
1094 3521 1378 3573 Varronem
1396 3525 1470 3575 lo·

406 3614 471 3647 co
490 3600 555 3648 ab
575 3598 729 3647 Anna
743 3596 884 3646 laud.
918 3596 1081 3659 [Vide
1103 3600 1230 3649 Not.
1250 3600 1473 3668 Delpli.]>

407 3678 582 3725 Amz.
608 3722 611 3729 ,
1190 3714 1197 3720 .

358 3798 363 3807 ,
410 3784 415 3787 -
471 3754 498 3815 §
534 3757 566 3801 2
602 3752 762 3814 Rapta
792 3750 975 3814 vivere]
1009 3752 1193 3813 Recte,
1224 3755 1357 3818 qnod
1382 3756 1467 3804 alii

403 3844 469 3880 ex
487 3843 581 3878 seu
604 3831 664 3877 de
683 3832 837 3891 rapto.
903 3828 1014 3876 Liv.
1046 3841 1145 3876 vn.
1170 3833 1255 3878 25.
1287 3837 1301 3859 ‘
1320 3831 1466 3882 Quos

402 3912 552 3970 rapto
568 3907 743 3954 vivere
759 3903 1044 3954 necessitas
1059 3906 1304 3966 cogeret-³
1322 3920 1470 3958 xxn.

404 3986 487 4033 39.
524 3988 538 4010 ⁸
558 3981 622 4030 In
647 3981 785 4030 diem
808 3987 959 4044 rapto
979 3980 1146 4029 vivit?
1180 3994 1363 4034 xxvn.
1386 3987 1467 4033 12.

403 4067 419 4088 ·
442 4060 575 4108 Pars
598 4058 820 4107 maxime
836 4065 986 4120 rapto
1010 4058 1182 4108 vivere
1206 4060 1465 4114 homiuum

1555 532 1610 576 et
1655 525 1822 577 alibi:
1870 542 1967 591 pro
1999 529 2166 578 eduxit
2209 525 2347 578 forte
2391 528 2616 578 traduxit

1554 605 1904 667 reponendum
1959 606 2011 655 in
2066 606 2297 669 margine
2346 613 2616 657 monuerat

1556 679 1834 731 Schottus:
1871 679 1990 731 vide
2011 680 2198 746 virgil.
2221 682 2257 731 l.
2281 681 2316 731 Ι.
2340 694 2474 731 vers.
2493 686 2611 734 su.

1553 757 1728 808 Amtz.

1619 832 1745 882 Hac
1776 833 1987 897 nemora]
2019 834 2230 886 Petitus
2263 834 2404 886 locus
2436 841 2516 886 est
2542 850 2611 887 ex

1553 907 1670 960 AEn.
1691 923 1729 958 t.
1746 913 1861 961 su.
1896 911 2127 975 Sylburg.

1621 986 1971 1052 Insinuunsad]
1996 986 2155 1051 [Vide
2166 986 2519 1050 Lectt.Vsrr.]
2540 990 2612 1040 Et

1552 1069 1698 1112 certe
1730 1063 1892 1112 multo
1924 1062 2146 1119 felicior,
2181 1071 2236 1112 et
2258 1062 2324 1112 sd
2345 1063 2611 1114 literarum

1553 1138 1764 1197 ductum
1790 1139 2224 1189 accommodatior
2245 1147 2329 1190 est
2346 1140 2615 1203 conjectu-

1554 1229 1612 1264 re
1633 1216 1894 1274 Scriverii,
1918 1231 2068 1282 quam
2095 1218 2211 1269 ideo
2234 1218 2283 1266 in
2306 1225 2610 1270 contextum

1553 1292 1787 1354 recipere
1820 1295 1994 1351 malui,
2030 1307 2147 1344 cum
2183 1299 2383 1344 certum
2410 1295 2480 1344 sit
2504 1296 2610 1346 Ms.

1552 1366 1786 1420 hocloco
1808 1369 1967 1421 fuisse
1991 1378 2314 1435 corruptum.
2348 1372 2525 1422 Amtz.

1616 1447 1643 1510 §
1676 1449 1709 1496 4
1743 1447 1925 1514 Istum]
1961 1449 2042 1498 Ex
2080 1449 2178 1500 hse
2203 1463 2335 1501 voce
2364 1449 2498 1501 biuae
2529 1451 2609 1501 fa·

1551 1521 1752 1573 cieudae
1773 1525 2036 1582 videntur,
2060 1525 2113 1574 Is
2131 1531 2249 1574 nm.
2282 1525 2435 1582 Grut.
2500 1527 2609 1577 Sed

1550 1597 1827 1651 liberemus
1867 1609 2136 1652 auctorem
2171 1601 2238 1652 el)
2271 1616 2467 1665 errore,
2489 1617 2608 1654 cnm

1547 1674 1695 1724 istum
1730 1673 2062 1727 referendum
2099 1677 2171 1728 sit
2207 1678 2271 1728 ed
2301 1693 2473 1738 “sunu
2503 1695 2610 1731 non

1550 1753 1685 1800 enim
1728 1752 1961 1803 indicare
2007 1754 2118 1803 vult
2167 1754 2470 1819 Saturnum,
2515 1757 2609 1806 sed

1548 1825 1737 1878 anum
1761 1829 1895 1878 hanc
1916 1828 2135 1879 formem
2167 1832 2468 1881 excutiendi
2490 1833 2608 1882 aeris

1549 1906 1833 1956 invenisse:
1865 1909 2015 1959 SerV.
2052 1908 2117 1957 ad
2156 1910 2298 1972 Virg.
2332 1909 2449 1958 AEn.
2481 1924 2610 1963 vnt.

1550 1985 1667 2032 857.
1730 1983 1788 2033 Si
1819 1984 2102 2034 Saturnum
2137 1987 2220 2035 vel
2247 1986 2439 2038 annm
2464 1989 2608 2039 volu-

1547 2058 1677 2108 isset
1698 2059 1937 2124 intelligi,
1968 2061 2061 2110 iste
2082 2061 2319 2112 dixisset.
2350 2063 2524 2113 Armes.

1610 2139 1639 2202 ς
1663 2143 1692 2186 5
1718 2137 1967 2188 Naviandi
1984 2139 2173 2203 dicum]
2202 2140 2309 2189 Aut
2324 2138 2474 2191 deest
2486 2156 2607 2198 vox,

1546 2221 1637 2263 eut
1659 2216 1851 2264 nuvium
1870 2216 2181 2279 legendum;
2212 2231 2315 2281 que
2329 2217 2396 2267 de
2420 2217 2607 2269 Festus

1548 2290 1858 2355 Pompeius:
1893 2300 1909 2322 ⁶
1930 2293 2098 2343 Navis
2130 2307 2197 2343 ex
2227 2308 2329 2347 uno
2355 2294 2495 2359 ligno
2516 2309 2609 2344 ex-

1548 2367 1754 2430 culpto;
1790 2376 1849 2417 ut
1881 2370 2043 2424 navis,
2078 2384 2180 2432 quo
2215 2376 2429 2420 utuntur
2456 2371 2607 2422 alveo

1547 2443 1599 2493 in
1625 2445 1934 2496 vindemist'
1967 2454 2022 2495 et
2057 2447 2290 2497 Macrob.
2321 2449 2531 2499 Seturn.
2569 2464 2609 2500 ι.

1547 2526 1596 2572 7.
1619 2522 1696 2570 his
1720 2524 1925 2585 gemina
1948 2522 2137 2574 refert:
2163 2530 2179 2553 ⁴
2197 2524 2401 2588 anus,’
2423 2524 2607 2590 inquit,

1547 2601 1563 2627 ⁸
1582 2611 1698 2647 cum
1722 2600 2000 2650 Saturnum
2019 2599 2182 2651 classe
2200 2609 2501 2673 perrectum
2517 2617 2609 2652 ex·

1548 2675 1776 2739 cepisset
1811 2677 2055 2741 hospitio,
2091 2684 2147 2728 et
2185 2679 2251 2728 ab
2290 2694 2355 2730 eo
2388 2679 2607 2731 edoctus

1550 2753 1792 2815 peritiam
1818 2754 1969 2816 ruris,
1991 2754 2157 2805 ferum
2181 2757 2323 2806 illum
2346 2764 2402 2808 et
2425 2757 2607 2808 rudem

1549 2837 1671 2879 ante
1694 2828 1867 2894 frug'es
1892 2834 2122 2896 cognitas
2138 2835 2328 2884 victum
2350 2836 2401 2883 in
2420 2837 2607 2887 melius

1548 2904 1855 2970 redegisset,
1889 2909 2036 2973 regui
2070 2925 2187 2959 eum
2223 2913 2477 2962 societate
2501 2929 2609 2962 rnu-

1549 2985 1772 3035 neravit.
1839 2987 1969 3037 Cum
2012 2988 2207 3050 primus
2251 3006 2455 3056 quoque
2498 3005 2610 3041 aera·

1547 3061 1793 3125 signaret,
1822 3065 2051 3114 servarit
2087 3071 2142 3114 et
2174 3066 2227 3115 in
2261 3068 2358 3118 hoc
2394 3068 2607 3118 Saturni

1548 3140 1914 3201 reverentiam,
1957 3136 2030 3189 ut'
2060 3143 2300 3205 quoniam
2352 3144 2440 3194 ille
2483 3145 2606 3193 nevi

1546 3212 1720 3273 fuerat
1741 3216 2010 3277 advectus,
2029 3231 2096 3268 ex
2115 3232 2216 3268 una
2234 3220 2440 3285 quidem
2457 3227 2607 3286 perte

1548 3291 1628 3340 sui
1651 3291 1839 3354 cepitis
1863 3290 2084 3357 effigies,
2099 3309 2167 3344 ex
2188 3296 2350 3347 ultera
2374 3311 2496 3355 vero
2516 3312 2607 3347 na-

1550 3368 1626 3416 vis
1648 3369 2047 3434 exprimeretur,
2060 3386 2164 3436 quo
2188 3372 2401 3422 Saturni
2416 3388 2609 3425 memo-

1546 3444 1674 3493 riam
1711 3446 1868 3495 etism
1911 3449 1967 3497 in
2008 3457 2239 3512 posteros
2276 3461 2607 3515 propagaret.

1548 3521 1634 3571 AEs
1671 3522 1746 3572 ita
1781 3522 1936 3574 fuisse
1967 3525 2225 3590 signatum
2253 3527 2509 3594 hodieque
2529 3530 2607 3579 in-

1548 3599 1801 3663 telligitur
1824 3602 1880 3650 in
1900 3602 2029 3652 eleae
2054 3603 2188 3666 lusu,
2203 3620 2317 3656 cum
2342 3608 2491 3670 pueri
2514 3606 2606 3658 de-

1546 3676 1718 3731 narios
1762 3679 1816 3727 in
1848 3678 2069 3729 sublime
2095 3680 2386 3745 jactantes,
2430 3685 2607 3748 capita

1544 3761 1633 3802 aut
1655 3755 1873 3817 naviam,
1905 3755 2016 3805 lusu
2043 3764 2181 3807 teste
2202 3759 2492 3822 vetustatis,
2515 3775 2605 3810 ex·
2659 3752 2664 3800 ἶ

1543 3830 1770 3880 clamant
1790 3831 1824 3881 ε’
1854 3832 1929 3881 sic
1968 3833 2105 3882 enim
2142 3834 2195 3882 in
2234 3835 2606 3899 Mss..qustuor

1541 3908 1745 3972 integre
1802 3910 1925 3974 legi,
1977 3926 2080 3961 non
2117 3914 2298 3975 navim,
2342 3920 2604 3965 testentur

1543 3983 1736 4034 Pithoei
1759 3983 1945 4034 fratres
1967 3985 2269 4041 doctissimi.
2321 3987 2601 4055 Hodieque

1540 4060 1594 4109 in
1642 4075 1739 4109 usu
1780 4069 1863 4112 est
1901 4063 1990 4111 ille
2025 4064 2198 4123 lusus;
2233 4065 2371 4115 Gelli
2414 4075 2604 4118 vocant

407 4133 774 4185 assuetorum!
836 4132 992 4183 Silius
1048 4134 1172 4184 Ital.
1228 4150 1292 4186 ιι.
1349 4142 1466 4187 501.
1525 4136 1954 4197 jomucroixou
1968 4139 2083 4202 pile.
2152 4141 2396 4192 Ceterum
2415 4143 2481 4192 de
2499 4145 2603 4205 sig·

404 4214 421 4244 ⁴
439 4212 590 4260 More
610 4210 837 4260 ferarum
850 4210 1102 4276 Viventes
1126 4218 1279 4274 rapto
1303 4227 1464 4276 popu.

404 4285 520 4337 los!
584 4287 723 4338 Just.
747 4299 864 4338 xu.
882 4289 935 4337 4.
959 4291 1010 4336 7.
1044 4286 1192 4339 Curt.
1208 4301 1292 4341 111.
1313 4293 1389 4339 10.
1409 4293 1460 4342 9.

1539 4221 1661 4263 nato
1684 4227 1789 4263 aere
1812 4214 2030 4278 primum
2055 4229 2086 4263 a
2106 4215 2260 4278 June,
2286 4218 2384 4275 vel.
2407 4226 2465 4270 ut
2488 4220 2601 4283 alii,

1538 4304 1569 4340 a
1603 4290 1845 4358 Saturno,
1881 4291 2165 4343 Athenaeus
2198 4293 2289 4354 lii).
2315 4308 2412 4345 xv.
2476 4297 2600 4348 Plu·
