3025 4934
629 393 912 446 Auum..
946 351 1146 444 ἠΰτ.
1200 393 1615 451 Burmann,
1659 391 1828 443 oAP.
1876 393 2093 443 xnvt.

2329 375 2466 445 845

277 540 401 591 bant
425 551 600 592 omnes
631 537 789 592 codd.
812 546 867 591 et
889 538 1224 590 confirmatur
1256 552 1325 588 ex
1398 544 1603 589 careret.
1632 538 1838 590 Schott.
1903 539 2132 589 Praestat
2150 540 2283 590 Mss.
2301 538 2464 591 libro·-

275 620 332 668 iis
353 634 465 684 quae
487 632 604 683 cap.
635 622 713 668 14.
737 617 882 667 dicta
908 632 964 667 su
975 625 1049 674 ut,
1074 624 1128 666 et
1154 615 1325 667 Arum.

277 694 574 744 Marcellino
595 706 737 744 xxx.
757 697 806 742 9.
837 697 853 723 ⁸
873 693 1119 742 Scribens
1135 692 1327 742 decore

276 778 586 835 venusteque
607 772 825 834 pingens
849 778 901 819 et
924 769 1140 834 fingens,
1160 775 1216 818 et
1239 782 1328 817 no·

277 860 445 896 vorum
490 848 729 895 inventor
779 845 1072 896 armorum)
1143 845 1331 895 Altera

277 922 528 986 scriptura
547 923 674 971 satis
701 929 781 972 est
805 924 1002 986 inepta,
1030 937 1126 972 nec
1147 921 1330 971 melius

281 1014 311 1049 a
331 999 636 1063 quibusdam
660 1001 959 1064 exponitur.
992 1001 1168 1050 Arutz.

339 1076 479 1125 Nova
520 1090 656 1126 urata
685 1075 933 1139 meditari]
966 1076 1071 1125 Sed
1105 1073 1333 1125 Hadria-

280 1165 371 1203 nus
419 1153 493 1202 rei
537 1152 777 1201 militaris
829 1151 933 1202 fuit
975 1151 1337 1215 peritissimus,

277 1229 538 1294 multaque
581 1243 717 1279 nova
752 1228 1002 1291 instituit,
1043 1234 1103 1278 ut
1143 1233 1336 1277 norunt

278 1305 532 1356 doctiores
551 1321 669 1356 curu
693 1307 944 1356 salmasio
975 1306 1039 1355 ad
1069 1304 1335 1369 Spartiaui

186 1428 199 1444 ,
280 1384 596 1434 Hadrianum
619 1398 737 1447 cap.
759 1388 838 1434 1⁰.
858 1392 911 1434 et
945 1384 1234 1434 stewechio
1269 1382 1336 1431 ad

280 1461 549 1524 Vegetinm
573 1461 641 1511 de
673 1459 752 1510 Re
791 1461 908 1512 Mil.
946 1461 1037 1510 lib.
1075 1474 1115 1511 1.
1145 1474 1262 1524 cup.
1290 1463 1338 1508 8.

284 1538 450 1589 Arntz.

345 1615 734 1680 fingentem]
771 1615 893 1664 Cera
915 1614 1045 1663 Mas.
1074 1618 1204 1664 terra
1230 1611 1338 1662 vul-

281 1693 404 1756 gati.
439 1692 686 1741 Schottus.
755 1689 1053 1753 Legendum
1071 1690 1340 1740 cumMss.

282 1786 400 1822 cera.
432 1772 656 1823 Gruter.
724 1772 848 1822 Cera
880 1772 1112 1834 plerique
1134 1771 1266 1820 Μαι.
1287 1770 1339 1818 id

281 1849 414 1912 quod
470 1859 684 1899 secutus
743 1858 828 1899 est
889 1849 1103 1898 Paullus
1147 1848 1341 1897 Diaco-

279 1938 393 1988 uus,
419 1926 508 1989 qui
546 1925 760 1974 totidem
793 1923 963 1973 verbis
995 1923 1224 1987 ‘fingere
1255 1937 1340 1972 ce·

282 2015 338 2050 ra
381 2017 469 2051 seu
518 2002 641 2050 limo
684 2001 960 2050 simulacra
977 1997 1013 2049 ε’
1047 2006 1103 2049 et
1144 2000 1219 2048 ita
1251 2000 1341 2047 de-

279 2079 402 2129 bere
463 2079 570 2143 legi
612 2081 738 2128 satis
795 2077 1013 2143 adparet
1060 2092 1126 2126 ex
1166 2075 1344 2126 additu

280 2170 405 2205 voce
425 2157 563 2216 timo,
584 2169 652 2205 ne
689 2161 870 2205 auctor
909 2156 985 2204 bis
1015 2152 1154 2203 idem
1189 2154 1345 2203 dicat.

281 2231 461 2293 virgil.
509 2232 621 2281 Ecl.
657 2245 784 2281 vm.
816 2236 897 2281 80.
932 2238 948 2262 ‘
971 2232 1142 2281 Limus
1177 2238 1234 2281 ut
1259 2232 1342 2281 bic

281 2310 534 2370 durescit,
575 2317 629 2359 et
664 2309 776 2359 baec
815 2316 874 2358 ut
911 2323 1034 2358 cera
1068 2306 1348 2373 liquescit.’

286 2387 501 2436 Servius
524 2385 593 2435 ibi
616 2402 630 2435 z
655 2388 679 2421 *⁸
701 2387 915 2435 Fecerat
943 2387 1034 2436 illa
1072 2387 1197 2435 duas
1221 2386 1344 2435 ima-

282 2463 445 2526 gines,
490 2462 707 2510 alteram
741 2476 808 2511 ex
842 2462 982 2526 limo,
1019 2463 1234 2512 alteram
1279 2476 1346 2511 ex

282 2539 440 2589 cera!
512 2539 666 2589 Ovid.
696 2540 863 2602 Epist.
903 2540 1121 2590 Heroid.
1159 2553 1236 2590 vl.
1262 2544 1344 2591 91.

279 2620 297 2650 ὅ
318 2619 567 2667 Devovet
591 2616 830 2666 absentes
864 2617 1237 2680 simulacraque
1261 2630 1323 2665 ce

283 2708 375 2744 rea
394 2692 552 2759 figit!
595 2695 629 2746 J
637 2696 789 2744 nstin.
815 2707 1018 2745 xxxvi.
1038 2700 1088 2744 4.
1111 2697 1206 2759 §4-
1241 2693 1346 2744 ‘Ab

283 2772 383 2822 hoc
424 2771 599 2819 studio
642 2773 839 2820 aerariae
887 2773 1012 2820 artis
1042 2771 1258 2821 fabricae
1292 2785 1348 2820 se

285 2848 526 2903 tradidit,
546 2849 782 2912 cerisque
808 2847 1095 2910 fingendis!
1161 2850 1348 2897 Μητιο-

286 2924 444 2974 ket-us
469 2922 534 2971 ad
560 2924 820 2988 Hyginum
840 2925 965 2974 Fab.
982 2937 1092 2973 civ.
1114 2933 1170 2974 et
1182 2924 1349 2973 Heiu-

285 3002 391 3050 sius
415 3001 482 3050 ad
506 3000 666 3050 Ovid.
700 3001 869 3063 Epist.
909 3001 1191 3050 Heroidum
1223 3014 1352 3050 xln.

288 3083 404 3128 152.
442 3077 715 3130 Juvenalis
737 3078 846 3127 Sat.
867 3091 995 3128 vm.
1017 3092 1090 3127 vs.
1112 3082 1192 3127 19.
1214 3082 1230 3106 ⁸
1247 3077 1352 3127 To-

289 3165 344 3204 ιι
387 3156 514 3203 licet
569 3162 772 3203 veteres
827 3160 1083 3204 exornent
1126 3153 1353 3218 undiquc

289 3247 429 3282 cerat.
453 3230 638 3290 Atria3
672 3230 912 3280 nobilitas
943 3231 1053 3280 sola
1086 3238 1170 3280 est
1199 3238 1355 3293 atque

290 3312 449 3359 unica
473 3306 675 3357 virtus.’
740 3308 1003 3371 Imagines
1034 3321 1253 3372 namque
1279 3304 1356 3354 fa·

290 3383 553 3435 miliarum
611 3397 777 3433 cereae
836 3391 1002 3440 erant,
1055 3384 1123 3433 de
1172 3383 1358 3448 quibus

292 3461 506 3512 Cottius
530 3459 593 3511 ad
618 3461 830 3510 Sallust.
861 3459 986 3524 Jug.
1005 3473 1123 3523 cap.
1144 3462 1193 3509 4.
1225 3460 1360 3510 Arn-

298 3540 504 3588 iunius.

292 3639 300 3648 ·
361 3614 693 3679 Sermonibus]
723 3613 946 3664 διήκουε
980 3612 1232 3677 singulari
1266 3628 1359 3662 uua-

294 3704 443 3741 mero
463 3689 619 3739 iidem
646 3690 848 3752 scripti.
883 3688 1075 3739 Schott.
1140 3689 1226 3739 Ita
1245 3704 1337 3739 uos

293 3767 365 3816 tri
390 3775 445 3817 et
474 3765 685 3815 Paullus
719 3766 996 3816 Diaconus.
1063 3764 1362 3814 Ammianus

298 3858 440 3895 xxx.
457 3849 505 3894 9.
532 3843 601 3893 de
623 3845 722 3894 hoc
746 3843 1091 3908 Inperatore:
1128 3848 1142 3872 ⁸
1159 3844 1361 3893 Memo-

295 3924 378 3974 ria
408 3935 750 3986 sermoneque
772 3921 987 3972 incitato
1009 3920 1238 3987 quidem,
1272 3921 1363 3970 sed

301 3998 468 4050 raro?
499 3999 673 4049 Arntz.
1246 4025 1253 4034 ·

367 4075 434 4126 St
455 4076 502 4125 ei
533 4076 700 4140 infidis
715 4073 1003 4137 hominibus]
1037 4074 1198 4124 Foedis
1216 4073 1365 4123 homi·

297 4153 442 4203 uibus
476 4153 584 4216 quis
628 4167 724 4202 sese
766 4153 891 4201 Μαι.
939 4160 995 4202 et
1033 4152 1365 4202 Veronensis.

300 4228 612 4293 Antiquitus
652 4229 853 4293 excusi,
875 4228 1032 4293 Atque
1071 4232 1148 4278 ut'
1163 4230 1367 4278 breviter

298 4307 597 4363 concludam,
619 4321 801 4371 semper
819 4307 1114 4362 criminibus,
1134 4306 1266 4370 queis
1292 4322 1367 4356 se·

299 4397 353 4434 sc
365 4398 385 4434 t
403 4391 666 4450 corrupte.
732 4382 953 4438 Quidam
980 4382 1106 4435 ‘libri
1131 4381 1189 4433 Si
1205 4382 1369 4447 infidis

1401 633 1512 667 rum
1534 617 1711 679 lectio,
1734 617 1778 666 si
1800 616 2004 676 eifoedis
2023 617 2304 680 horninibus,
2332 618 2470 682 queis

1401 710 1468 749 se,
1500 696 1583 756 ᾁσ.
1619 693 1773 743 Grut.
1842 694 1963 743 Non
2000 694 2083 742 hic
2118 693 2466 743 necessarium

1402 781 1486 821 est
1511 771 1797 834 epitheton,
1820 770 1955 836 quod
1977 770 2139 837 infidis
2160 779 2474 835 opponatur3

1404 863 1523 898 nam
1566 855 1674 897 tum
1713 848 1852 896 aliud
1888 850 2241 910 requireretur
2261 847 2472 906 merito,

1407 925 1546 991 quod
1581 926 1652 987 τῷ·
1685 925 2069 987 prudentissimis
2096 930 2235 974 esset
2263 931 2476 974 coutra-

1406 1005 1573 1052 rium:
1607 1003 1790 1052 melius
1815 1011 1890 1050 est
1916 1001 2150 1063 recipere
2168 1014 2283 1050 cum
2307 998 2471 1049 omni-

1408 1080 1505 1128 bus
1550 1080 1681 1128 Mss.
1720 1079 1822 1128 tale
1861 1076 2195 1142 adjectivum,
2229 1075 2369 1140 quod
2404 1075 2473 1126 ad

1409 1163 1686 1218 utrumque
1710 1151 1892 1202 referri
1917 1159 2106 1217 potest.
2137 1151 2311 1202 Arntz.

1478 1228 1697 1293 Firmus]
1728 1229 1944 1279 Firmius
1965 1228 2113 1280 Leid.
2132 1232 2182 1280 l.
2207 1231 2472 1294 corrupte.

1409 1307 1587 1358 Arntz.

1476 1385 1504 1447 §
1540 1387 1571 1432 8
1604 1381 1750 1447 Apud
1784 1380 2177 1445 Bergentiouem]
2227 1379 2476 1442 Bregitio-

1410 1476 1518 1510 nem
1562 1461 1755 1508 babent
1798 1459 1901 1507 alia
1943 1457 2274 1524 exemplaria,
2316 1463 2377 1507 ut
2419 1463 2476 1507 et

1412 1536 1717 1587 Ammianus
1753 1535 1885 1585 libro
1908 1535 2189 1585 tricesimo.
2219 1533 2476 1599 Hierony·

1413 1630 1529 1666 mus
1572 1622 1628 1664 et
1661 1614 1880 1664 Orosius
1926 1609 2331 1676 ‘Brigitionem'
2382 1625 2476 1674 ap·

1415 1697 1634 1760 pellant.
1673 1694 1836 1745 Vinet.

1487 1772 1652 1834 [npetu
1668 1768 1941 1836 sanguinis]
1963 1769 2090 1818 Mox
2108 1782 2271 1818 sensus
2288 1766 2481 1830 integer

1418 1846 1568 1897 Leid.
1594 1848 1742 1901 alter,
1775 1845 2031 1909 quomodo
2052 1841 2320 1900 Horatius,
2352 1850 2367 1873 ⁶
2388 1842 2478 1891 In·
2507 1867 2514 1873 ·

1416 1930 1570 1985 teger
1591 1923 1732 1985 vitae,
1761 1922 2071 1984 scelerisque
2094 1919 2285 1986 purus?
2352 1919 2482 1970 Ovi·

1419 2000 1534 2049 dius
1558 2000 1692 2049 Met.
1715 2012 1794 2048 tx.
1815 2003 1928 2049 44⁰.
1961 2006 1976 2029 ⁶
1996 1998 2118 2054 Qui.
2138 1996 2379 2050 dumfuit
2400 1997 2478 2046 in-

1418 2082 1568 2139 teger
1611 2075 1728 2139 aevi,
1761 2075 2046 2124 Terruerat
2089 2089 2320 2139 magnas,
2363 2075 2481 2139 ipso

1417 2167 1622 2217 quoque
1662 2152 1886 2212 nomine,
1925 2148 2144 2213 gentes?
2210 2151 2282 2202 Et
2318 2151 2484 2201 multa

1421 2230 1545 2279 talia
1570 2228 1706 2289 apud
1731 2226 1932 2290 poetas.
1964 2230 2136 2278 Arutz.

1484 2303 1779 2367 Saturitate]
1815 2304 2086 2355 Securitatis
2109 2303 2239 2353 Mss.
2263 2309 2484 2368 uterque

1415 2389 1477 2432 et
1499 2383 1813 2432 Veronensis
1837 2381 1953 2430 cod.
1978 2394 2078 2429 non
2104 2380 2281 2442 probo.
2317 2379 2487 2430 Schot-

1423 2464 1517 2508 tus.
1540 2458 1727 2523 Neque
1752 2472 1867 2520 ego,
1882 2458 2007 2506 licet
2030 2456 2194 2506 velint
2206 2456 2336 2506 Mss.
2356 2457 2484 2506 Mox

1421 2536 1578 2585 iidem
1619 2543 1675 2584 et
1720 2534 1839 2583 edd.
1881 2535 2089 2584 detulere
2129 2547 2228 2583 non
2263 2534 2485 2596 retulere,

1423 2629 1520 2679 pro
1553 2613 1896 2666 ‘narravere.’
1947 2613 2211 2676 Virgilius,
2243 2612 2490 2663 ‘Detulit

1423 2693 1612 2743 armari
1635 2693 1848 2741 classem
1865 2704 2147 2755 cursusque
2173 2688 2377 2755 parari.'
2410 2691 2490 2741 Eu

1422 2769 1727 2835 frequenter
1771 2768 2179 2819 confunduntur.
2245 2766 2383 2817 Vide
2420 2768 2499 2820 ad„

1424 2848 1546 2895 Val.
1572 2847 1859 2895 Maximum
1886 2861 1924 2895 1.
1949 2850 1997 2895 l.
2019 2846 2086 2895 de
2108 2846 2259 2909 relig.
2280 2844 2488 2894 observ.

1426 2936 1595 2972 exem.
1627 2926 1676 2973 3.
1709 2923 1799 2971 sed
1841 2922 1911 2970 ibi
1949 2921 2156 2971 omniuo
2183 2923 2339 2970 delata
2362 2924 2466 2970 reti

1427 3000 1686 3061 nendum3
1710 3015 1812 3049 uon
1836 3001 1969 3049 enim
1991 3014 2211 3062 augures
2236 2999 2491 3050 liabebaut

1427 3083 1746 3142 potestatem
1786 3076 2115 3125 ‘referendi'
2148 3075 2211 3126 ad
2239 3086 2494 3145 renatum,

1430 3153 1525 3202 sed
1568 3153 1777 3218 quidem
1825 3150 2168 3216 ‘deferendi,’
2213 3159 2271 3202 ut
2315 3159 2490 3203 uotum

1431 3237 1532 3280 est.
1562 3233 1740 3280 Arntz.

1503 3304 1725 3371 Equitio]
1785 3304 1999 3372 AE'quitio
2041 3310 2090 3356 et
2134 3306 2425 3358 Merobaude
2467 3323 2494 3357 e

1430 3384 1696 3448 propinquo
1710 3390 1901 3433 creatur
1914 3383 2179 3444 Imperator
2195 3383 2490 3433 Floriacen-

1433 3461 1503 3509 sis
1542 3467 1598 3508 et
1621 3460 1819 3523 cujacii
1858 3459 1987 3508 Mss.
2041 3458 2175 3507 Vide
2197 3473 2311 3523 quae
2346 3468 2496 3509 nota·

1436 3539 1488 3586 vi
1518 3551 1632 3601 cap.
1658 3539 1739 3585 36.
1772 3535 1957 3585 Schott.
2023 3536 2149 3584 Eam
2174 3536 2496 3601 proepositio-

1435 3628 1551 3662 uem
1609 3612 1914 3677 praecedeus
1975 3612 2155 3662 littera
2207 3612 2495 3673 deleverat,

1437 3704 1589 3753 quam
1632 3704 1663 3738 e
1700 3689 1830 3738 Mss.
1875 3687 2184 3736 reducimus.
2252 3688 2352 3737 Alii
2396 3702 2496 3736 uon

1435 3766 1783 3830 quadriennem,
1808 3765 1897 3814 sed
1921 3766 2260 3828 quinquennem
2282 3764 2499 3824 faciunt,

1439 3857 1543 3906 qua
1560 3845 1624 3889 de
1646 3856 1701 3890 re
1720 3842 1899 3889 Vales.
1915 3840 1977 3887 ad
1993 3840 2251 3889 Ammian.
2269 3852 2399 3888 xxx.
2416 3843 2499 3889 lo.

1438 3927 1494 3968 et
1532 3919 1810 3981 spanhem.
1836 3921 1898 3967 de
1916 3917 2027 3966 Usu
2046 3918 2202 3968 Num.
2226 3917 2348 3967 diss.
2389 3931 2499 3970 xn.

1439 4012 1492 4060 p.
1511 4000 1625 4045 381.
1663 3994 1839 4045 Arntz.

1507 4072 1646 4121 CAP.
1682 4084 1833 4121 vat.
1900 4071 1928 4133 ς
1969 4074 1996 4118 1
2044 4068 2213 4118 Aunes
2252 4069 2502 4137 tredecim]

1441 4150 1617 4198 Decem
1651 4148 1921 4195 dunmaxat
1962 4145 2156 4207 vulgati
2197 4160 2408 4196 omnes:
2445 4158 2504 4199 et

1440 4241 1561 4275 mox
1600 4231 1781 4274 mutare
1801 4222 2006 4286 judicia,
2042 4236 2201 4283 verus,
2235 4222 2288 4272 in
2328 4225 2505 4276 amicos

1425 4305 1582 4370 fidus.
1646 4301 1794 4353 Infra
1857 4313 2059 4366 quoque
2115 4299 2377 4364 Procopius
2425 4309 2505 4368 ty.

1440 4396 1624 4433 rannus
1640 4382 1809 4432 cudens
1828 4375 2171 4440 exstinguitur.
2240 4379 2506 4433 Veronen-
