3025 4934
566 389 859 439 Auum..
893 389 1093 440 va.
1140 390 1364 440 VIROS
1413 391 1770 443 unusne.
1817 392 1980 444 cal).
2030 393 2255 445 xmx,

303 533 484 586 Druso
503 534 722 584 mentio.
755 532 939 584 δώσει.
1006 533 1200 585 Confer
1236 537 1375 585 Dra·

303 613 462 662 kenb.
487 612 551 661 ad
573 612 669 661 Sil.
695 625 815 661 xvt.
839 616 953 662 171.
985 612 1161 663 Arutz.

372 689 664 751 Conjanxit]
706 688 841 738 Nam
877 702 1035 752 quum
1073 687 1375 739 Hasdrubal

304 762 553 827 Gisgonis
588 763 721 813 filius
754 774 811 815 et
833 765 1007 829 Scipio
1031 766 1096 815 ad
1121 780 1237 815 enm
1260 766 1376 814 hos·

305 841 546 905 pitaliter
577 842 811 892 venisset
846 857 943 908 pro
971 858 1028 892 re
1053 844 1265 907 publica
1285 857 1376 893 sua

304 918 552 979 petitum,
590 918 829 982 proetulit
866 919 1145 969 amicitiam
1183 920 1374 969 Roma-

307 1007 493 1044 norum
515 994 751 1044 Punicae.
787 996 954 1045 Maeli.

366 1073 395 1136 ξ
434 1075 497 1121 11
531 1071 870 1137 Masinissam]
909 1072 1014 1122 Hic
1058 1081 1252 1137 nepote
1294 1073 1374 1137 ip·

306 1147 408 1195 sius
470 1148 808 1197 adolescente
861 1148 916 1197 iu
960 1147 1220 1210 Hispania
1252 1148 1376 1212 jure

301 1225 427 1275 belli
458 1232 640 1289 capto,
661 1225 950 1275 liberaliter
974 1225 1039 1275 ad
1064 1240 1237 1288 regem
1261 1241 1376 1290 gra-

303 1304 368 1351 tis
392 1316 515 1352 cum
537 1302 686 1351 donis
707 1303 866 1351 misso
891 1302 958 1351 ab
974 1302 1085 1365 ipso
1108 1302 1373 1366 Scipione,

300 1395 466 1445 usque
513 1379 580 1429 ad
622 1387 911 1428 extremum
954 1381 1153 1429 senium
1200 1380 1373 1429 amici·

304 1458 431 1506 tiam
459 1471 579 1505 cum
621 1457 814 1520 populo
853 1456 1090 1506 Romano
1126 1457 1374 1507 servavit.

298 1532 470 1581 Maeli.
536 1531 802 1580 Masinissa
842 1532 1107 1595 scriptura
1153 1533 1374 1596 vulgata.

298 1608 361 1657 In
385 1609 626 1658 Sallustii
651 1608 780 1657 Mss.
805 1607 944 1658 varie
967 1609 1110 1673 pingi
1131 1609 1372 1659 observa·

301 1687 371 1747 vi,
415 1686 506 1734 atii
546 1684 902 1747 Masinissam,
936 1686 1024 1733 alii
1071 1686 1372 1745 Maximinum,

299 1762 512 1827 quidam
535 1761 890 1812 Maximinum:
925 1762 1061 1825 qnod
1095 1778 1136 1812 x
1164 1772 1372 1814 tantun-

299 1840 419 1888 dem
441 1839 631 1889 valeat.
663 1839 848 1889 Scribo
862 1840 1155 1890 Massanisa.
1188 1843 1370 1892 Schot-

298 1923 399 1965 tus.
435 1915 771 1978 Masinissam,
794 1917 1119 1967 Maximissam
1137 1919 1221 1968 vel
1235 1920 1376 1969 Mas-

297 1993 525 2043 sinissans
568 1992 796 2055 scripti:
850 1994 1160 2045 Masinissam
1214 1997 1370 2046 etiam

297 2069 529 2134 Agripp.
550 2077 604 2119 et
637 2072 852 2132 optimae
888 2072 1010 2122 edd.
1042 2072 1178 2137 quod
1203 2073 1373 2124 secuti

298 2162 495 2197 sumus.
524 2143 529 2152 ⁶
568 2144 704 2195 Vide
729 2154 848 2209 post
869 2149 996 2198 alios
1019 2150 1206 2199 multos
1225 2150 1370 2200 Cort.

300 2224 365 2273 ad
404 2223 538 2273 Sall.
571 2221 698 2286 Jug.
719 2237 839 2287 cap.
860 2228 955 2291 5.§
978 2228 1026 2275 4.
1062 2226 1126 2275 Iu
1146 2227 1373 2277 societate

300 2307 410 2350 tres
433 2298 592 2350 codd.
615 2299 792 2349 Arutz.

363 2378 395 2440 ξ
434 2379 498 2425 12
540 2375 701 2424 Victor
731 2377 921 2425 domam
954 2376 1220 2441 regressus]
1262 2378 1372 2427 Da-

298 2458 385 2502 tus
436 2457 518 2501 est
561 2452 611 2499 ei
652 2448 862 2501 senatus
898 2460 1051 2501 extra
1089 2451 1286 2502 Urbem
1318 2454 1371 2503 iu

300 2529 420 2579 tede
464 2528 739 2590 Bellonae3
794 2528 915 2577 inde
956 2530 1216 2594 ingressus
1252 2545 1371 2581 cum

299 2607 508 2656 Licinio
552 2607 740 2656 Crasso
799 2608 979 2657 consul
1026 2617 1228 2659 creatus
1273 2617 1373 2660 est.

298 2683 474 2733 Maeli.

369 2759 610 2823 Classem]
638 2759 850 2811 Classem
866 2760 1102 2811 dedimus
1121 2775 1188 2813 ex
1205 2764 1370 2828 scrip-

303 2839 376 2886 tis
396 2854 411 2883 ε
447 2837 570 2885 vide
590 2837 655 2886 ad
681 2851 801 2901 cap.
818 2842 902 2887 40.
934 2839 1111 2889 Arntz.
1278 2867 1285 2872 -

363 2914 395 2976 ξ
430 2915 492 2961 13
517 2911 867 2978 Hasdrubalis]
892 2915 1183 2966 Hannibalis
1201 2923 1258 2967 et
1279 2919 1372 2983 Sy·

293 2989 463 3055 paucis
481 2988 689 3052 quidam
713 2990 864 3040 codd.
889 2992 1025 3055 quod
1046 2993 1166 3043 ideo
1189 2994 1372 3043 immu-

303 3074 482 3116 tarunt
529 3067 760 3131 quidam,
801 3070 941 3132 quod
985 3084 1120 3119 anuo
1153 3083 1368 3120 taxuvr.

302 3143 691 3193 Hasdrubalem
713 3143 932 3193 fratrem
959 3145 1263 3196 Hannibalis
1282 3161 1367 3195 ca·

306 3220 418 3282 pite
463 3226 763 3269 truncatum
806 3219 1078 3269 vidissent.
1153 3220 1230 3269 At
1283 3222 1369 3271 hic

305 3296 435 3346 alius
481 3296 795 3352 Hasdrubal,
825 3296 913 3359 qui
956 3293 1113 3344 filiam
1141 3296 1370 3361 Syphaci

303 3387 521 3424 uxorem
543 3374 781 3432 dederat,
800 3386 906 3435 qna
927 3386 1108 3421 caussa
1135 3372 1222 3421 hic
1255 3373 1370 3422 Sci·

307 3451 475 3513 pionis
541 3448 785 3499 amicitia
847 3449 1084 3498 nuntium
1151 3449 1369 3502 remisit.

307 3526 498 3576 Schott.

374 3601 574 3665 Castra]
629 3600 808 3651 Noctu
863 3601 1135 3667 utriusque
1181 3602 1369 3654 castris

305 3677 499 3743 injecto
520 3678 647 3741 igni,
670 3693 806 3742 quse,
828 3679 994 3728 altera
1022 3692 1052 3727 e
1091 3678 1266 3743 liguis,
1298 3681 1368 3729 al·

305 3763 419 3805 tera
454 3770 520 3805 ex
543 3754 911 3805 harundinibus
933 3754 1177 3805 confecta
1198 3763 1368 3814 erant,

306 3832 620 3896 Syphaxque
654 3839 840 3895 captus
873 3845 904 3880 a
935 3831 1062 3879 Caio
1098 3832 1279 3889 Laelio,
1313 3842 1370 3884 et

305 3909 599 3959 Massauisa
632 3910 699 3959 ad
738 3923 856 3959 eum
895 3908 1222 3972 perducitur.
1258 3912 1369 3960 Ma·

305 3986 442 4034 chan.

368 4060 627 4124 Perrupit]
673 4060 897 4112 Quidam
934 4060 1090 4111 codd.
1131 4054 1370 4127 prorupit,

307 4139 392 4188 alii
408 4141 676 4201 proerapit:
712 4145 927 4201 utraque
961 4146 1136 4188 castra
1158 4154 1261 4189 uno
1283 4140 1370 4190 die

308 4216 478 4279 Scipio
495 4215 732 4265 incendit
748 4221 803 4263 et
822 4214 1021 4265 delevit
1038 4231 1051 4261 :
1075 4230 1214 4265 caesa
1226 4215 1368 4265 flam·

310 4293 504 4359 tuisque
527 4290 799 4353 absumpta
823 4289 889 4342 ad
915 4303 1005 4342 11..
1029 4291 1189 4343 millia
1208 4292 1371 4346 homi·

2380 380 2508 448 621

1453 550 1609 586 uumz
1648 537 1790 602 capti
1823 552 1982 604 snpra
2014 553 2107 590 sex
2138 538 2311 589 millia.
2343 534 2514 589 Schot'

1450 617 1547 663 tas.

1514 692 1543 754 §
1582 693 1644 740 14
1668 691 1954 755 Super-avit]
1988 690 2147 755 Apud
2183 690 2393 740 Zamam
2430 705 2514 742 ura

1448 764 1589 822 bem.
1637 769 1776 830 apud
1822 782 1977 831 quam
2022 768 2251 817 victores
2296 767 2515 816 Romani

1449 844 1673 893 hostium
1700 844 2004 907 elephantes
2038 844 2236 908 equites
2258 844 2311 892 iu
2334 843 2515 906 fugam

1452 926 1760 970 verteruutz
1793 919 1982 970 deiude
2020 921 2189 970 acrius
2223 919 2513 971 inferentes

1450 995 1638 1059 pedem
1672 1002 1831 1046 totam
1869 997 2031 1047 aciem
2066 997 2119 1046 in
2142 995 2316 1060 fugam
2343 1006 2514 1047 verte-

1446 1080 1589 1122 runt.
1623 1074 1777 1123 Caesa
1797 1089 1829 1122 e
1852 1072 2367 1138 Carthaginiensibus
2387 1088 2517 1137 qua·

1451 1155 1570 1199 tuor
1593 1149 1751 1213 millia
1770 1148 2032 1198 feruntur.
2065 1150 2231 1199 Maeli.

1513 1225 1543 1288 §
1582 1229 1641 1274 15
1675 1225 1829 1287 Leges
1854 1225 2091 1290 inposuit]
2124 1225 2295 1277 Jussis
2316 1239 2515 1276 crema-

1450 1302 1493 1350 ri
1518 1301 1817 1365 quingentis
1850 1302 2088 1360 navibus,
2119 1311 2275 1367 utque
2305 1311 2516 1354 centum

1450 1379 1650 1427 talenta
1666 1378 1917 1448 arbitratu
1941 1378 2193 1441 Scipionis
2208 1387 2333 1428 tunc
2347 1380 2516 1429 solvs-

1449 1461 1570 1505 rent
1587 1471 1604 1505 ε
1638 1460 1694 1504 et
1716 1463 1774 1505 ut
1796 1456 1850 1504 iu
1875 1469 2035 1505 annos
2056 1456 2331 1519 sexaginta
2351 1457 2515 1506 millia

1450 1532 1762 1581 talentorum
1800 1532 2008 1594 argenti
2048 1531 2212 1595 aequis
2253 1534 2515 1594 pensioni·

1449 1606 1546 1656 bus
1576 1607 1870 1656 solverent=
1910 1614 1964 1655 et
1988 1608 2150 1656 multa
2193 1608 2325 1658 alias
2369 1610 2514 1673 pacis

1446 1693 1622 1734 autem
1647 1683 1917 1734 formulam
1955 1683 2045 1734 lib.
2068 1697 2126 1734 x.
2150 1684 2361 1733 secundi
2386 1685 2515 1735 belli

1450 1760 1644 1810 Punici
1686 1761 1891 1810 curiose
1929 1760 2071 1824 apud
2109 1760 2311 1811 Livium
2345 1762 2518 1826 perle«

1448 1850 1558 1900 ges.
1592 1837 1759 1887 Maeli.
2269 1899 2275 1905 κ

1514 1915 1544 1977 ς
1579 1917 1642 1963 16
1675 1914 1814 1963 Bello
1838 1911 2089 1975 Antiochi]
2120 1912 2274 1965 Quod
2309 1912 2517 1963 scilicet

1448 2002 1568 2038 cum
1612 1987 1874 2038 Antiocho
1916 1989 2214 2051 gerebatur.
2284 1990 2515 2040 Videtur

1449 2062 1661 2128 quidem
1692 2066 1847 2114 hasce
1870 2064 2159 2115 locutiones
2189 2068 2206 2095 ‘
2231 2065 2368 2115 bello
2390 2065 2517 2115 Phi·

1445 2141 1613 2206 lippi?
1659 2143 1676 2170 ‘
1694 2142 1829 2192 bello
1869 2140 2204 2200 Latinorum,'
2235 2146 2335 2194 διο.
2368 2143 2513 2194 dam-

1448 2234 1575 2269 nare
1598 2220 1783 2270 Davis.
1805 2218 1871 2269 ad
1905 2219 2078 2270 Cicer.
2100 2220 2166 2269 de
2190 2220 2240 2270 N
2246 2226 2319 2270 at.
2349 2222 2514 2270 Deor.

1448 2308 1514 2346 11.
1541 2298 1621 2344 11.
1655 2296 1745 2345 ubi
1780 2311 1874 2360 pro
1897 2295 2015 2345 bello
2039 2296 2316 2347 Latinorum
2335 2299 2515 2362 legen·

1448 2373 1571 2421 dnm
1587 2373 1806 2437 conjicit
1827 2372 1947 2424 bella
1961 2372 2161 2423 Latino:
2188 2372 2319 2423 dura
2341 2388 2514 2424 emen·

1446 2449 1610 2514 datio,
1633 2449 1928 2514 presertim
1960 2463 2077 2500 cum
2113 2464 2235 2500 usus
2276 2464 2514 2501 veterum

1449 2528 1607 2576 talem
1643 2526 1898 2576 medelam
1939 2539 2042 2575 nou
2079 2527 2325 2589 requirat.
2392 2528 2511 2577 (2ae-

1446 2616 1533 2651 sar
1551 2602 1686 2652 Bell.
1699 2601 1838 2653 Gall.
1853 2615 1894 2651 1.
1909 2605 1992 2652 8⁰.
2009 2604 2038 2667 §
2057 2605 2103 2653 1.
2124 2603 2301 2653 ‘Bello
2316 2603 2514 2654 Helve-

1446 2678 1635 2727 tiorum
1663 2675 1943 2728 confecto.’
1976 2693 2066 2729 ιιι.
2105 2684 2183 2729 16.
2215 2682 2244 2745 §
2276 2684 2323 2729 1.
2361 2682 2513 2735 ‘Quo

1445 2755 1630 2819 praelio
1647 2754 1839 2805 bellum
1863 2756 2182 2806 Venetorum
2206 2756 2510 2809 confectum

1444 2830 1563 2882 est.’
1599 2846 1654 2882 v.
1674 2838 1756 2883 55.
1779 2835 1806 2898 §
1839 2837 1890 2882 2.
1922 2833 1938 2860 ‘
1959 2834 2026 2882 Se
2050 2833 2130 2883 his
2163 2843 2410 2897 expertos
2434 2834 2515 2884 di-

1445 2915 1629 2958 cerent
1645 2909 1900 2961 Ariovisti
1918 2908 2092 2959 hello.’
2117 2910 2289 2960 Livius
2311 2924 2518 2961 xxxiv.

1445 2991 1529 3036 81.
1574 2989 1592 3015 ⁸
1611 2988 1797 3052 Nuper
1814 2988 2043 3052 Philippi
2071 2989 2209 3037 bello
2228 2987 2514 3037 renovata.'

1445 3064 1583 3113 Vell.
1621 3064 1833 3114 Paterc-
1866 3078 1930 3116 11.
1961 3069 2044 3114 17.
2072 3067 2098 3128 §
2123 3068 2173 3113 2.
2206 3061 2346 3115 *Qui
2373 3066 2513 3114 bello

1446 3139 1637 3204 Pyrrhi
1662 3141 1799 3190 inter
1830 3140 2197 3190 celeberrimos
2216 3138 2394 3189 fuerat
2417 3141 2512 3188 du-

1446 3217 1575 3267 ces.’
1626 3218 1769 3269 Just.
1789 3230 1925 3267 xur.
1943 3222 1993 3265 5.
2017 3218 2047 3280 §
2071 3222 2121 3266 9.
2155 3224 2170 3245 ·
2191 3217 2254 3266 In
2279 3215 2512 3280 ejusdem

1445 3293 1738 3343 Alexandri
1759 3294 1951 3343 bellum
1973 3290 2291 3356 inpelleret?
2358 3291 2513 3341 Adde

1447 3369 1566 3420 Liv.
1598 3382 1811 3419 xxvm.
1836 3374 1887 3420 7.
1919 3370 1956 3418 l.
1981 3382 2210 3419 xxxvu.
2246 3383 2401 3432 capp.
2425 3373 2511 3419 49.

1443 3449 1526 3495 53.
1583 3455 1640 3496 et
1680 3450 1766 3496 54.
1818 3459 1957 3496 nn.
2003 3449 2087 3495 45.
2138 3446 2334 3496 Justin.
2379 3459 2416 3495 ι.
2460 3450 2513 3495 7.

1441 3523 1471 3585 ξ
1491 3527 1571 3572 10.
1606 3533 1795 3572 xxvu.
1816 3525 1911 3588 1.§
1936 3527 1985 3572 3.
2018 3530 2075 3571 et
2096 3535 2306 3572 xxvm.
2331 3526 2377 3571 1.
2412 3524 2515 3584 §4.

1445 3600 1662 3649 Sallust.
1699 3600 1906 3662 Fragm.
1940 3598 2086 3648 Hist.
2122 3610 2211 3646 m.
2245 3611 2359 3660 pag.
2397 3601 2514 3646 966.

1444 3677 1629 3727 Frout.
1663 3677 1898 3739 Strateg.
1935 3688 1997 3725 ιι.
2029 3678 2081 3724 4.
2120 3689 2203 3724 ex.
2235 3678 2287 3722 2.
2309 3682 2366 3722 et
2394 3688 2517 3736 cap.

1444 3758 1495 3804 5.
1523 3768 1607 3803 ex.
1654 3758 1735 3804 34.
1768 3754 1944 3802 Coesar
1983 3752 2122 3801 Bell.
2161 3751 2299 3801 Gall.
2344 3764 2384 3799 1.
2425 3755 2513 3801 40.

1444 3831 1578 3894 ξιξ..
1625 3836 1681 3880 et
1719 3844 1837 3894 cap.
1866 3833 1947 3879 44.
1985 3830 2121 3893 §H-
2156 3841 2233 3877 vr.
2265 3830 2349 3875 29.
2391 3828 2420 3890 ς
2460 3831 2513 3875 4.

1444 3905 1621 3956 Arntz.
2339 3923 2344 3928 ·

1509 3983 1722 4044 Legatus
1728 3981 1912 4043 fratri]
1946 3980 2077 4030 Cum
2113 3986 2325 4029 senatus
2345 3979 2512 4042 magis

1445 4057 1739 4114 inclinaret,
1759 4064 1817 4106 ut
1839 4058 1994 4107 alteri
2021 4055 2219 4105 consuli
2246 4054 2373 4103 Caio
2398 4053 2511 4103 1.ae-

1442 4136 1513 4185 lio
1558 4135 1819 4199 negotium
1863 4132 2106 4182 Antiochi
2146 4130 2316 4187 daret,
2367 4128 2512 4179 Pub-

1442 4213 1541 4262 lius
1588 4210 1869 4262 Africanus
1910 4223 2127 4272 surgens
2167 4214 2222 4256 et
2257 4207 2311 4256 in
2344 4205 2509 4258 fratre

1442 4303 1537 4341 suo
1553 4303 1806 4340 summam
1826 4288 2071 4337 virtutem
2089 4297 2221 4350 esse,
2235 4298 2512 4336 summum-
