3025 4934
538 389 673 456 ‘746

432 561 447 569 ’
540 556 867 615 usurpatam.
907 548 975 599 de
1007 564 1112 615 qua
1132 551 1215 601 M.
1244 551 1443 601 Tullius
1476 551 1600 602 Pbi·

543 627 742 690 lippica
765 639 801 678 ι.
825 627 1108 690 (ιιιειιΟἰο.
1131 627 1297 676 locum
1317 627 1402 676 bic
1414 629 1603 688 Vopis-

542 717 635 753 cus
664 712 722 753 et
738 701 963 753 Orosius
990 716 1055 752 u.
1079 705 1158 751 17.
1185 712 1242 751 et
1275 715 1377 752 vn.
1407 707 1459 753 6.
1489 703 1602 752 lan·

543 779 692 834 daut.
710 785 769 827 et
800 778 880 826 M.
913 778 1145 828 Velleius
1173 779 1482 830 paterculus
1508 779 1603 830 lib.

541 869 609 906 tt.
645 854 663 882 ‘
685 856 754 905 Et
778 853 942 910 illude
966 854 1150 919 inquit,
1173 861 1188 884 ‘
1211 854 1414 904 decreti
1435 853 1601 905 Athe·

542 931 793 981 niensium
817 929 1138 979 celeberrimi
1152 931 1444 995 exemplum
1467 931 1601 980 rela-

543 1014 655 1056 tum
679 1020 710 1054 a
731 1006 986 1056 Cicerone
1015 1007 1288 1056 oblivionis
1311 1007 1604 1069 puterita·

544 1092 655 1131 rum
681 1096 850 1132 rernm
874 1081 1092 1133 decreto
1119 1083 1336 1132 Petrum
1363 1097 1601 1147 compro·

541 1159 720 1209 batum
743 1156 862 1209 est.'
926 1159 1237 1211 Plutarchus
1260 1160 1419 1210 Polit.
1439 1157 1498 1208 τὸ
1516 1161 1605 1219 τῆς

541 1236 805 1297 &morlas-
825 1236 1048 1301 ψήφισμα
1069 1239 1256 1288 scitum
1287 1236 1415 1286 illud
1439 1237 1599 1288 Athe-

544 1313 799 1364 niensium
856 1320 1026 1375 yocat.
1107 1313 1390 1363 Sebscribo
1443 1313 1603 1376 igitur

542 1391 820 1438 sententian
861 1389 950 1439 Fr.
996 1389 1219 1440 Fabricii
1261 1389 1602 1441 eruditissimi

544 1465 678 1527 viri3
710 1465 1047 1516 vehementer
1068 1463 1181 1523 falli
1200 1480 1291 1515 eos
1322 1466 1410 1530 qui
1436 1466 1489 1516 in
1513 1467 1600 1517 Ci-

543 1557 732 1593 cerone
765 1542 832 1603 μὴ
863 1545 1169 1603 μνησικακεῖν
1202 1557 1297 1607 pro
1339 1542 1603 1604 ἀμνηστίαν

540 1619 947 1671 substituerunt:
985 1620 1105 1683 lege
1136 1618 1428 1670 Vah-Max.
1449 1634 1528 1670 ιν.
1552 1624 1603 1672 1.

545 1695 701 1746 Corn.
716 1697 912 1756 Nepet.
925 1695 1266 1760 Thrasybulo,
1286 1704 1343 1746 et
1360 1696 1601 1760 Xenoph.

542 1771 636 1821 lib.
670 1784 733 1819 ιι.
778 1771 1087 1830 Ἑλληνικῶν.
1164 1772 1362 1824 Justin.
1407 1771 1498 1822 lib.
1543 1786 1602 1821 v.

534 1847 732 1897 Sabou.

613 1925 856 1981 Quantam
886 1925 1208 1990 spectabatur]
1257 1926 1396 1975 Puto
1425 1927 1604 1992 legen-

543 1997 666 2049 dnm
697 1999 983 2061 uembatur.
1018 2002 1103 2052 vel
1143 2003 1314 2064 potius
1339 2003 1603 2054 isamba-

544 2081 643 2138 ταν,
666 2076 854 2125 omissa
870 2077 1238 2140 propositione
1262 2094 1293 2128 a
1315 2079 1530 2130 librario
1552 2081 1603 2128 in

545 2152 866 2214 praecedeuti
887 2167 1018 2202 voce
1051 2159 1285 2215 quautam-
1310 2155 1604 2219 absumpta.

543 2229 561 2255 ‘
581 2226 742 2277 Fures
765 2229 1111 2292 provinciales
1126 2230 1529 2293 repetundarum
1541 2246 1604 2282 ac

546 2305 818 2366 peculatus
856 2319 975 2355 reos
1009 2306 1147 2355 ultra
1181 2307 1458 2358 militarem
1495 2322 1603 2358 mo·

544 2379 668 2429 dum
697 2388 778 2429 est
804 2388 1170 2445 persequutus,
1192 2388 1252 2430 nt
1273 2395 1363 2431 eos
1378 2383 1605 2447 ingenti-

545 2457 642 2507 bus
686 2456 960 2521 suppliciis
996 2457 1417 2523 cruciatibusque
1455 2459 1603 2523 puni·

544 2529 668 2582 ret.’
699 2533 968 2598 Vopiscus
984 2550 998 2584 ε
1021 2533 1123 2583 ubi
1131 2536 1330 2586 Noster
1340 2541 1504 2585 contra
1516 2536 1607 2586 nti·

543 2608 946 2659 &mammonas
967 2610 1150 2672 legisse
1170 2609 1392 2661 videtur.
1415 2611 1604 2662 δώσει.

545 2686 629 2736 An
645 2684 747 2735 fuit
763 2686 1117 2750 suspectabatur
1130 2684 1157 2738 2
1178 2695 1283 2750 aut,
1305 2694 1364 2738 ut
1385 2687 1605 2738 Sebotto

543 2761 840 2821 videbatur,
861 2762 1132 2829 sectabatur
1152 2763 1433 2827 vel-potius
1453 2764 1603 2814 moc-

546 2838 755 2889 tabatar.
791 2839 1005 2889 Gruter.
1030 2845 1084 2888 et
1106 2838 1254 2903 Syib.
1314 2840 1384 2888 Et
1402 2839 1501 2888 boc
1524 2853 1605 2890 se·

532 2915 727 2979 „quitur
740 2915 1020 2965 Salmasius
1053 2929 1255 2981 quoque
1289 2915 1357 2965 ad
1389 2914 1605 2980 vopisc.

546 2988 798 3045 Aurel.c.
823 2995 906 3041 39.
935 2990 1112 3040 Arate.
1579 3032 1586 3039 .

609 3068 639 3130 §
655 3070 687 3116 8
708 3066 936 3116 Misictri
946 3067 1140 3130 scelere]
1163 3065 1429 3117 olivarius
1441 3065 1607 3117 Mm-

545 3144 647 3193 ἢεί
698 3142 974 3206 legendum
1027 3143 1312 3193 censebatz
1370 3150 1426 3193 et
1479 3154 1607 3192 sane

543 3223 560 3249 ⁴
579 3220 884 3269 Mnestheus
897 3219 912 3242 '
932 3232 964 3266 a
984 3216 1165 3268 Flavio
1179 3219 1411 3282 vopisco
1425 3221 1608 3284 appel·

532 3297 701 3357 latur,
721 3298 953 3345 notarius
1001 3305 1345 3355 secretorum-5
1372 3297 1463 3362 qui
1489 3298 1608 3347 bre-

545 3387 611 3420 ve
645 3372 904 3421 nominum
944 3373 1318 3435 conscripserit
1351 3381 1408 3423 et
1449 3387 1607 3423 mauu

545 3446 850 3509 Mucaporis
907 3444 1326 3499 interficiendum
1387 3450 1605 3501 curarit.

545 3521 734 3570 δώσει.
801 3522 895 3571 Nil
918 3529 1076 3572 muta.
1143 3521 1418 3586 vopisc-in
1440 3525 1609 3574 Tacit.

547 3594 740 3646 c.12.'‘
764 3594 1059 3647 Interfecto
1094 3597 1277 3649 fraude
1321 3599 1606 3651 Aureliano

547 3671 835 3738 calliditate
855 3674 992 3729 servi
1014 3674 1351 3738 nequissimi!
1382 3677 1560 3737 Arata.

617 3751 995 3815 Coenaezfrurium]
1061 3753 1452 3816 onuphr-urium
1501 3753 1604 3818 (sic

545 3827 684 3877 enim
735 3826 1071 3892 imprimitur)
1108 3830 1423 3879 mansionem
1464 3829 1608 3879 inter

544 3902 857 3955 Heracleam
879 3908 935 3951 et
956 3902 1284 3966 Byzantium.
1350 3905 1417 3955 In
1439 3904 1607 3955 Anto-

541 3978 619 4027 nii
632 3977 975 4029 Schoonhovii
988 3978 1083 4028 viri
1099 3979 1479 4041 diligentissimi
1500 3981 1606 4029 Eu-

532 4056 722 4119 tropio
738 4055 1131 4119 ‹Zenophrnrium
1157 4073 1225 4107 ex
1256 4059 1386 4108 Mss.
1408 4058 1606 4122 reperi·

542 4147 620 4185 as.
657 4132 845 4183 Schott.
909 4133 1108 4195 Scalig-
1149 4132 1216 4183 ad
1250 4135 1443 4187 Enseb.
1485 4149 1605 4198 pag.

544 4212 662 4261 24⁰.
705 4209 905 4259 Comm.
938 4207 1006 4257 ad
1053 4208 1296 4259 Lactant.
1324 4210 1405 4260 ,de
1447 4212 1605 4263 Mort.

549 4286 703 4336 Pers.
740 4299 789 4334 c.
823 4289 874 4334 6.
906 4292 964 4334 et
1003 4285 1299 4337 Jornandes
1333 4286 1402 4338 de
1433 4287 1604 4353 Regu.

501 4370 511 4384 ¹
542 4362 697 4415 succo
719 4376 774 4427 po
793 4365 910 4413 699·
936 4360 1113 4413 Arfl‘zo

1234 405 1452 457 NOTAE
1499 407 1909 458 vammum
1958 409 2043 459 m
2133 422 2140 429 ·

1742 554 1827 617 §9
1863 553 2053 605 omisso
2074 554 2312 620 principe]
2344 555 2451 609 Pro
2471 554 2488 584 ‘
2512 552 2727 609 amium-⁹

1677 636 1738 680 ut
1768 630 1897 680 alias
1916 645 2077 695 sepe,
2110 647 2157 683 c.
2187 637 2270 685 ll.
2333 632 2437 683 Inf.
2460 640 2644 683 contra
2677 649 2728 681 a·

1675 706 1819 756 misso
1840 707 2012 771 posuit
2034 722 2131 771 pro
2162 708 2179 737 ⁶
2201 706 2427 771 omisso,’
2458 709 2557 757 nisi
2592 722 2728 759 rnen·

1677 779 1832 830 dosus
1869 780 2022 838 liber,
2043 796 2091 833 c.
2109 786 2194 834 8¹7.
2214 784 2291 833 sic
2318 789 2376 833 et
2404 789 2614 835 retracto
2635 797 2727 847 pro

1676 856 1695 885 ⁸
1718 855 1996 916 detracto,’
2027 858 2172 921 alibi,
2214 859 2310 909 uisi
2352 856 2491 909 forte
2546 859 2738 909 scribar-

1676 935 1851 997 culpa,
1877 949 2030 1000 quam
2054 942 2306 1000 prestare
2328 950 2432 987 non
2449 935 2635 997 debeo,
2652 949 2731 984 ac·

1676 1010 1885 1061 ciderit.
1916 1011 2106 1063 Scitote.
2127 1019 2185 1063 et
2210 1014 2359 1064 (ἔπιε.
2396 1014 2647 1063 Burman.
2667 1013 2731 1062 ad

1677 1088 1892 1138 Phoar.
1916 1089 2045 1138 Fab.
2065 1102 2105 1138 1.
2124 1093 2206 1139 18.
2235 1088 2411 1140 Arate.
2454 1130 2471 1144 ,

1744 1163 2052 1227 Deligereat]
2071 1164 2353 1226 Dilegereat
2368 1165 2502 1214 malo
2518 1179 2586 1214 ex
2608 1163 2733 1214 Sex·

1678 1242 1734 1288 to
1752 1237 2007 1303 Pompeio
2026 1240 2093 1289 de
2113 1239 2276 1290 verb.
2290 1238 2633 1303 Significdib.
2656 1254 2731 1289 w.

1741 1389 1770 1452 ς
1808 1391 1871 1437 10
1901 1389 2121 1453 Ipsorum
2157 1389 2458 1452 potissimum
2487 1390 2735 1440 muenia

1674 1466 1874 1529 asam]
1932 1463 2072 1515 Illud
2113 1465 2361 1515 munire
2399 1466 2485 1515 hic
2528 1480 2735 1530 quoque

1676 1540 1933 1607 expunxit
1963 1543 2189 1596 Casaub.
2209 1543 2274 1593 ad
2300 1542 2511 1606 Vopisc.
2538 1544 2672 1593 Aur.
2692 1558 2736 1594 c.

1674 1621 1759 1668 4⁰.
1825 1618 2059 1671 Laborat
2093 1619 2205 1670 sine
2246 1618 2405 1669 dubio
2461 1623 2740 1682 sententia,

1676 1695 1762 1744 cul
1796 1695 1979 1745 leviori
2011 1704 2171 1759 opera
2197 1696 2429 1746 succurri
2464 1705 2663 1759 posset,
2693 1697 2739 1746 si

1676 1769 1964 1820 scribamus
2007 1770 2213 1834 ipsoram
2242 1773 2348 1832 ani,
2393 1787 2511 1835 quae
2548 1773 2738 1823 ultima

1678 1859 1778 1897 vox
1796 1845 1865 1896 ob
1887 1846 2279 1897 similitudinem
2302 1847 2519 1898 duarum
2537 1845 2738 1912 praeee-

1677 1922 1911 1971 dentium
1927 1922 2226 1977 litterarum
2251 1923 2507 1988 absorpta
2539 1934 2648 1985 est,
2682 1931 2739 1974 nt

1679 1997 1805 2047 velit
1838 2012 2036 2057 munus,
2056 1998 2382 2062 Inperatoris
2411 2000 2735 2063 potissimum

1677 2072 1959 2135 convenire
1993 2073 2079 2122 uni
2118 2089 2186 2133 ex,
2217 2075 2487 2127 militibus.
2553 2075 2739 2126 Petie-

1675 2157 1795 2198 rant
1816 2163 2005 2213 nempe
2027 2150 2278 2213 legiones,
2299 2160 2359 2200 ut
2392 2159 2610 2201 senatus
2633 2151 2650 2181 ‘
2673 2167 2740 2202 ex

1677 2237 1772 2274 suo
1802 2223 1988 2274 ordine
2012 2224 2316 2289 Principem
2339 2224 2569 2288 legeret’
2600 2227 2737 2292 apud

1682 2302 1959 2365 Vopiscum
1994 2301 2046 2350 in
2076 2303 2244 2353 Tacit.
2276 2307 2393 2352 c.2.
2422 2304 2498 2352 illi
2521 2304 2624 2354 boc
2657 2303 2742 2354 de·

1680 2386 1993 2442 treetarunt,
2015 2392 2132 2428 cum
2155 2379 2545 2441 renunciarent,
2560 2394 2632 2431 ex
2649 2381 2741 2431 mi·

1677 2456 1857 2507 litibus
1881 2457 2054 2521 potius
2078 2456 2175 2506 boc
2193 2455 2307 2506 fieri
2329 2456 2542 2507 debere.
2564 2458 2742 2508 Aralz.

1675 2566 1680 2569 -
1742 2535 1855 2597 §11
1890 2533 2743 2597 mummqaepadmacnwaestia

1674 2608 2033 2673 decertabatur]
2104 2608 2234 2657 Inde
2281 2607 2297 2634 ‘
2324 2608 2738 2663 honestissimum

1672 2693 1941 2736 ‚certamen
1956 2684 1972 2710 ⁹
1995 2685 2312 2748 appellatum
2344 2687 2485 2735 Piin.
2512 2688 2614 2750 Ep.
2636 2701 2741 2737 vu.

1677 2765 1729 2811 7.
1761 2763 1778 2791 ‘
1796 2761 2086 2825 speciosum
2107 2759 2122 2781 '
2155 2774 2279 2810 vero
2299 2760 2469 2811 eidem
2500 2754 2742 2826 Panegy-

1678 2838 1788 2888 rico
1811 2837 1876 2887 ad
1898 2836 2181 2901 'trajanum
2202 2836 2480 2900 capitew.
2500 2851 2569 2886 m·
2598 2838 2743 2887 vide·

1677 2914 1866 2964 deatnr
1882 2922 1939 2965 et
1955 2913 2296 2977 Symmachus
2330 2914 2501 2977 Epist.
2523 2926 2562 2962 ι.
2589 2918 2676 2963 86.
2700 2913 2739 2962 f.

1676 2990 1850 3054 Epist.
1874 3003 1954 3039 tv.
1976 2993 2056 3040 39.
2080 3004 2148 3039 m.
2196 2990 2261 3038 P.
2281 2989 2474 3053 Syrnsz
2510 2989 2526 3016 ‘
2542 2989 2741 3040 Huma-

1675 3066 1858 3116 nitatis
1879 3066 2079 3128 optima
2100 3072 2184 3114 est
2205 3063 2462 3114 certatio!
2504 3064 2653 3114 Gna.

1744 3143 1774 3206 ς
1798 3145 1861 3191 12
1895 3141 2134 3190 Simulata
2167 3139 2352 3203 dubiis]
2396 3141 2507 3189 Pro
2540 3146 2742 3204 aequora

1679 3218 1886 3274 maloin
1909 3218 2014 3267 Ms.
2036 3231 2211 3280 aeque.-
2244 3216 2381 3278 quod
2405 3216 2649 3266 mendum
2671 3230 2738 3266 ex

1679 3293 2001 3358 compendiis
2042 3300 2220 3342 natum
2258 3292 2373 3355 quis
2418 3306 2521 3341 non
2557 3291 2739 3343 videt?

1675 3369 1817 3421 ferte
1838 3378 2112 3432 repererat
2139 3368 2320 3431 nequit.
2382 3368 2736 3418 Tacitum‘au-

1679 3455 1787 3497 tem
1825 3448 1982 3498 Corn.
2027 3445 2488 3510 prudentissimum
2523 3446 2741 3509 scripto«
2817 3479 2821 3483 ·

1678 3537 1785 3572 rem
1811 3531 1897 3573 est
1918 3523 2166 3578 imitatus,
2192 3530 2249 3571 ut
2271 3521 2435 3571 verba
2465 3535 2628 3586 prope
2649 3536 2738 3585 ap·

1680 3598 1910 3662 pendere
1935 3598 2156 3647 voluisse
2180 3596 2457 3645 videatur:
2492 3597 2568 3646 sic
2604 3597 2733 3649 enim

1677 3675 1768 3727 ille
1788 3673 1858 3723 de
1880 3673 2199 3741 Vespasiano
2221 3672 2410 3722 Annal.
2441 3672 2534 3723 lib.
2558 3662 2651 3723 11‘1.
2680 3685 2735 3721 re

1678 3750 1833 3800 altius
1856 3757 2073 3813 propter
2107 3748 2416 3811 elegantiam
2439 3762 2472 3796 a
2493 3748 2639 3798 nobis
2660 3762 2735 3797 re-

1671 3826 1846 3890 ‚petita
1870 3842 1883 3872 :
1942 3827 1959 3854 ⁴
1985 3825 2276 3889 praecipuus
2324 3825 2528 3875 astricti
2585 3824 2735 3874 moris

1679 3894 1861 3954 auctor
1881 3901 2233 3966 Vespasianus
2253 3899 2377 3967 fuit,
2392 3901 2605 3967 antiquo
2624 3903 2733 3967 ipse

1677 3980 1823 4030 cuitu
1859 3979 2109 4044 victuque
2127 3994 2162 4028 ε,
2190 3978 2501 4048 obsequium·
2527 3979 2646 4030 inde
2679 3980 2731 4028 in

1678 4056 1987 4119 principem,
2021 4063 2077 4104 et
2101 4055 2393 4107 ,mmulandi
2431 4070 2589 4113 aanor,
2613 4056 2731 4107 vali·

1679 4131 1796 4181 dior
1812 4146 1967 4196 quam
1986 4145 2139 4194 poena
2160 4144 2228 4178 ex
2251 4130 2451 4193 iegibus
2468 4142 2525 4181 et
2540 4142 2727 4187 metuar

1678 4209 1782 4258 nisi
1805 4208 1944 4258 forte
1968 4206 2124 4257 rebus
2148 4207 2350 4259 canetis
2371 4209 2508 4256 inest
2533 4208 2726 4272 quidm

1679 4286 1830 4334 velut
1862 4281 2025 4344 orbis,
2056 4288 2119 4331 nt
2145 4282 2575 4346 quemadmodum
2606 4290 2726 4333 tem-

1685 4373 1865 4427 porum
1904 4356 2066 4424 vices,
2094 4357 2173 4408 ita
2202 4371 2400 4410 morum
2434 4365 2725 4412 vertantur:
