3025 4934
606 420 886 472 Auum..
918 421 1116 470 VICT.
1152 419 1378 470 VIROS
1425 420 1786 471 ILLUS‘PR.
1833 422 2002 509 ΟᾼΡ.
2051 421 2212 471 Lxl.

305 560 482 628 iuquit,
500 563 853 614 comburerem
868 564 903 614 ι’
936 564 1026 614 ubi
1046 564 1229 616 endem
1251 580 1360 616 mo-

307 640 371 688 do
405 654 464 688 ac
486 640 734 690 Schottus
760 643 895 691 hunc
924 642 1089 690 locum
1115 642 1360 694 emendat

305 716 663 776 Kenchenius3
697 715 982 767 admiiatur
1004 717 1209 767 iuterim
1235 719 1362 769 talia

303 805 336 840 a
354 793 573 842 schotto
598 793 795 843 intacta
826 808 961 855 esse,
983 801 1039 844 et
1066 794 1283 844 eandem
1308 795 1359 844 in

304 868 604 920 Kenchenio
644 872 1036 936 negligentiam,
1075 874 1119 920 si
1163 872 1360 923 mitiori

300 959 422 996 voce
461 948 541 997 uti
574 948 751 1005 liceat,
787 948 961 1013 carpit
1003 945 1249 999 Oudend.
1291 949 1359 999 ad

298 1022 334 1070 l.
348 1023 382 1071 l.
404 1026 581 1074 Arutz.
1347 1019 1354 1026 ⁶

357 1099 439 1162 §o
476 1100 700 1156 Quotam·
716 1099 937 1163 filiorum
956 1099 1119 1165 poter]
1154 1101 1357 1152 Plinius

300 1189 393 1226 vn.
425 1182 509 1228 44.
556 1180 573 1207 ‘
593 1180 729 1229 Nam
770 1186 965 1242 praeter
997 1179 1217 1229 honores
1251 1197 1357 1231 am·

301 1254 551 1316 piissimos
573 1268 863 1320 cognomen
896 1255 1245 1307 Macedoniae.
1308 1258 1356 1309 A

297 1336 511 1394 quatuor
553 1330 677 1381 filiis
719 1331 894 1381 illatus
938 1341 1022 1382 est
1063 1345 1210 1397 rogo,
1252 1348 1357 1384 uno

294 1414 530 1472 praetore,
553 1409 722 1458 tribus
760 1409 1134 1469 consularibus,
1156 1411 1357 1461 duobus

295 1484 708 1548 triumphalibus,
730 1500 833 1535 tino
853 1485 1105 1536 censore.’
1137 1487 1302 1539 Maelo.

352 1561 507 1611 Latus
526 1562 626 1627 est]
661 1563 833 1612 Elatus
854 1576 1084 1626 repouoz
1120 1561 1360 1614 ‘efferri'

290 1638 420 1690 enim
447 1637 638 1689 funera
660 1638 923 1707 dicuntur,
944 1640 1087 1706 qnod
1110 1642 1195 1691 vel
1230 1655 1357 1705 pue-

292 1709 359 1766 ris
381 1727 583 1768 notum.
616 1717 805 1768 Seiam.
872 1720 1065 1769 Verum
1099 1725 1200 1782 est,
1221 1720 1354 1769 sole·

293 1807 348 1843 re
384 1795 482 1845 hac
520 1796 578 1844 in
621 1809 679 1845 re
722 1799 1068 1858 compositum
1119 1793 1356 1865 ‘efferri’

288 1870 596 1938 plerumque
639 1873 893 1936 adhiberi,
935 1879 995 1924 ut
1048 1873 1186 1938 apud
1238 1863 1355 1923 Liv.

287 1959 494 1999 xxviii.
516 1954 603 2000 28.
651 1951 846 2000 Melam
869 1963 933 1999 ιι.
953 1955 1003 2001 2.
1024 1950 1215 2003 Juveu.
1240 1951 1354 2000 Sat.

287 2036 326 2073 1.
360 2029 443 2076 72.
488 2029 505 2054 ⁸
526 2026 637 2076 Per
672 2024 862 2077 famam
900 2036 956 2078 et
995 2030 1243 2092 populum
1276 2030 1355 2078 ni·

288 2113 402 2163 gros
425 2102 622 2153 efferre
643 2103 900 2155 maritos-³
915 2131 922 2136 ·
940 2105 1194 2158 Quinctil.
1206 2106 1355 2156 Decl.

284 2190 357 2227 tv.
378 2184 461 2230 22.
497 2181 656 2231 Decl.
678 2194 757 2232 V1.
781 2185 829 2234 1.
853 2189 907 2231 et
932 2185 1013 2233 11.
1046 2183 1275 2246 Capitol.
1300 2183 1352 2232 iu

284 2253 479 2306 Anton.
501 2258 643 2307 Phil.
664 2272 715 2308 c.
742 2262 820 2307 13.
841 2259 1105 2321 Spartian.
1157 2260 1354 2310 Severo

285 2339 329 2379 c.
353 2334 431 2383 14.
469 2334 633 2383 Nost.
667 2348 783 2397 sup.
818 2349 866 2384 c.
886 2338 968 2384 58.
1000 2343 1056 2385 et
1090 2335 1233 2394 alios,
1256 2336 1352 2386 sed

285 2411 452 2457 tamen
476 2423 583 2459 non
606 2408 856 2461 debemus
877 2411 1100 2461 omnium
1136 2412 1351 2463 aliorum

283 2485 596 2554 scriptorum
636 2487 752 2550 loca
791 2488 856 2536 ad
899 2487 1034 2537 hanc
1075 2485 1351 2539 formulam

280 2558 617 2626 detorquere,
642 2563 929 2626 praese'rtim
953 2564 997 2613 si
1030 2564 1170 2613 aliud
1196 2559 1354 2629 jube?

281 2644 369 2686 sut
391 2652 576 2689 omnes
601 2640 731 2690 Mss.
754 2649 810 2689 et
831 2639 951 2691 edd.
986 2654 1084 2690 nec
1116 2641 1228 2705 ipse
1255 2642 1350 2690 liu·

280 2728 393 2777 με
407 2717 597 2780 genius
615 2718 901 2781 simplicem
917 2731 1096 2768 vocem
1115 2728 1349 2782 respuat.

282 2788 395 2841 Bac
426 2792 617 2842 eadem
652 2807 872 2859 uanique
906 2795 959 2844 in
991 2796 1206 2845 historia
1232 2797 1351 2845 Val.

279 2866 543 2919 Maximus
570 2883 673 2919 vn.
696 2877 744 2922 1.
782 2886 869 2921 ex.
902 2876 950 2921 1.
982 2875 999 2902 ⁶
1021 2873 1136 2922 Filii
1168 2879 1223 2922 et
1258 2888 1348 2935 ge·

277 2947 384 2994 neri
423 2948 656 2996 humeris
690 2949 797 2998 suis
834 2964 929 3012 per
964 2950 1142 3001 urbem
1180 2951 1346 3002 latum

278 3034 402 3087 rogo
445 3024 826 3086 inposuerunt.’
893 3025 1052 3077 ovid.
1096 3029 1217 3078 Art.
1259 3042 1347 3079 m.

275 3091 356 3148 20.
390 3102 407 3129 ‘
428 3101 649 3165 Proque
671 3102 748 3150 sui
773 3108 853 3153 est
873 3117 1008 3153 uxor
1030 3103 1216 3155 funere
1241 3106 1347 3156 lata

276 3173 410 3224 viri?
473 3176 665 3226 Cicero
701 3176 857 3227 Orat.
885 3178 1024 3228 Philz
1057 3181 1109 3229 in
1147 3179 1346 3231 Anton.

277 3261 341 3298 ιι.
363 3255 448 3300 41.
500 3258 519 3281 ‘
537 3251 650 3302 Iste
689 3260 873 3317 operta
895 3256 1085 3306 lectica
1107 3257 1239 3307 latus
1262 3265 1346 3307 est

275 3338 370 3387 per
412 3328 668 3392 oppidum
713 3340 772 3379 ut
809 3332 1076 3384 mortuus.'
1141 3334 1344 3384 Iterum

276 3400 433 3451 ovid.
452 3403 635 3453 Amor.
661 3404 745 3454 El.
766 3420 833 3455 ιι.
856 3411 935 3457 14.
957 3413 1039 3458 39.
1071 3410 1088 3438 ‘
1106 3410 1229 3474 Ipsa
1252 3425 1343 3475 pe·

274 3477 360 3542 rit,
381 3478 662 3541 ferturque
694 3490 810 3533 toro
844 3487 1068 3536 resoluta
1091 3487 1345 3551 capillos.’

274 3552 395 3604 Art.
432 3570 475 3605 ι.
507 3560 626 3606 587.
679 3559 927 3611 ‘Interea
961 3563 1069 3611 sive
1103 3563 1195 3613 illa
1229 3573 1343 3616 toro

272 3635 518 3697 resupina
558 3634 794 3689 feretur:
872 3639 1007 3691 Met.
1050 3652 1182 3691 1111.
1228 3648 1343 3694 6⁹5.

271 3703 621 3773 ‘Pulcrisque
664 3727 762 3775 per
803 3714 1001 3765 Urbem
1047 3717 1341 3769 Funeribus

271 3779 417 3845 ferri,
450 3786 753 3851 celebrique
796 3789 849 3839 in
894 3800 1049 3854 parte
1083 3794 1344 3847 cremari.'

274 3855 343 3906 Et
364 3860 528 3911 Trist‘.
548 3862 633 3913 El.
654 3877 696 3916 1.
718 3870 769 3913 3.
788 3870 869 3916 89.
901 3875 918 3899 ·
938 3868 1217 3935 Egredior,
1230 3873 1339 3922 sive

270 3931 398 3985 illud
421 3945 537 3987 erat
556 3939 666 3989 sine
687 3933 872 3993 funere
900 3943 1065 3996 ferri?
1127 3949 1338 3999 Deinde

271 4013 333 4060 ad
349 4017 643 4077 sepulturam
663 4019 799 4070 haud
826 4020 985 4074 dubio
1007 4028 1338 4089 properantis

273 4087 454 4139 calami
478 4093 609 4141 vitio
649 4095 734 4144 hic
772 4098 905 4148 citat
939 4100 1174 4164 Cuperus
1206 4101 1337 4152 Obs.

274 4174 316 4214 1.
332 4168 383 4214 7.
406 4167 498 4216 sed
524 4177 668 4220 recte
691 4171 941 4236 exponit3
976 4176 1043 4225 de
1057 4193 1159 4241 qua
1181 4179 1335 4228 etiam

274 4240 653 4302 significatione
708 4252 850 4300 vocis
905 4254 1195 4316 ‘sepulcri'
1242 4270 1337 4319 pro

272 4326 405 4383 rogo,
426 4327 484 4370 et
512 4335 607 4373 nos
643 4337 812 4389 pauca
843 4327 1120 4381 adtulimus
1140 4345 1256 4398 sup.
1289 4347 1337 4384 c.

2368 407 2502 472 643

1433 578 1621 616 xxxv.
1641 567 1670 632 ς
1694 569 1774 616 11.
1841 565 2036 617 Sum
2056 571 2262 631 tempore
2294 580 2392 632 pro
2423 582 2505 618 su·

1427 656 1593 706 premo
1615 643 1774 693 estin
1795 643 1999 694 Boend.
2030 643 2208 694 Arata.

1498 719 1616 769 stes
1633 721 1925 785 consulares]
1946 721 2036 771 Ita
2050 722 2259 786 reposui
2281 736 2348 772 ex
2369 724 2501 773 Mss.

1434 795 1627 857 tribus,
1676 796 1938 855 Parisino,
1991 805 2048 848 et
2100 798 2503 850 Mediolanensi.

1434 869 1652 934 Vulgati
1671 873 1881 922 eonsules
1899 872 2121 933 faciunt,
2157 876 2325 925 male:
2361 876 2499 940 quod

1433 947 1521 997 vel
1565 962 1698 998 unus
1741 950 2012 1001 Paterculi
2051 951 2196 1001 locus
2241 954 2501 1004 volumine

1434 1024 1628 1090 priore,
1663 1026 1751 1091 qui
1788 1028 1924 1079 hunc
1952 1028 2105 1084 valde
2130 1029 2375 1088 illustrat,
2408 1031 2502 1081 do·

1432 1099 1606 1151 cebit:
1641 1104 1658 1130 ⁴
1680 1103 1921 1154 Qnstnor
1949 1104 2085 1154 filios
2114 1107 2352 1157 sustulit:
2389 1122 2500 1157 om·

1432 1189 1528 1225 nes
1552 1175 1745 1228 adultae
1771 1180 1943 1230 aetatis
1969 1181 2126 1233 vidit:
2162 1197 2341 1232 omues
2378 1185 2501 1233 reli-

1429 1255 1549 1318 quit
1591 1257 1901 1319 superstites
1945 1264 2002 1308 et
2054 1259 2500 1313 honoratissimos.

1429 1329 1632 1380 Mortui
1651 1332 1765 1395 ejus
1788 1334 1982 1384 lectum
2006 1349 2105 1399 pro
2124 1336 2307 1386 rostris
2327 1344 2499 1386 sustu·

1428 1403 1606 1457 lerunt
1626 1417 1847 1474 quatuor
1880 1410 2007 1461 tilii:
2044 1427 2175 1462 unus
2208 1414 2498 1465 consularis

1428 1490 1486 1533 et
1505 1479 1949 1548 censorins5'alter
1980 1490 2283 1552 consularis,
2307 1491 2495 1540 tertius

1428 1562 1631 1625 consul,
1671 1571 1886 1627 quartus
1922 1565 2231 1615 candidatus
2260 1568 2498 1617 consula·

1429 1641 1536 1700 tus,
1556 1639 1707 1701 quem
1728 1641 1975 1690 honorem
1998 1642 2217 1705 adeptus
2239 1650 2338 1694 est.
2373 1644 2495 1695 Hoc

1428 1721 1513 1764 est
1553 1715 1794 1766 nimirum
1827 1718 1994 1783 magis
2024 1717 2248 1770 feliciter
2279 1721 2347 1770 de
2384 1724 2496 1772 vita

1427 1792 1670 1857 migrare,
1711 1809 1864 1859 quam
1908 1796 2079 1846 mori?
2168 1799 2236 1847 D.
2287 1813 2493 1865 quoque

1431 1866 1750 1930 Augustinus
1767 1870 1833 1920 de
1855 1870 2011 1921 Civit.
2036 1869 2141 1921 'Dei
2164 1886 2228 1922 11.
2254 1878 2338 1923 23.
2359 1882 2497 1925 tam-

1425 1943 1530 1992 etsi
1580 1945 1805 2009 quinque
1839 1944 1971 1994 filios
2018 1947 2288 2005 attribuat,
2325 1965 2492 2000 consu-

1374 2030 1380 2034 ’
1428 2020 1556 2072 laees
1577 2021 1777 2071 omneis
1804 2019 1966 2072 fuisse
1999 2023 2092 2086 ait,
2113 2014 2217 2074 nou
2248 2028 2495 2078 consules.-

1427 2096 1538 2147 bini
1564 2099 1700 2148 enim
1713 2094 2019 2165 quotannis}
2033 2116 2132 2151 nec
2149 2103 2323 2166 plures
2340 2106 2494 2156 simul

1426 2176 1754 2226 consulatum
1787 2177 2032 2229 inibant.'
2082 2180 2392 2233 Plutarchus
2425 2184 2493 2235 de

1428 2252 1666 2303 Fortuna
1698 2255 2047 2305 Romanorum
2071 2271 2246 2307 senem
2277 2260 2353 2309 sit
2375 2262 2495 2311 Cae·

1426 2328 1602 2378 cilium
1641 2331 1920 2382 Metellum
1955 2333 2352 2387 Macedonicum
2385 2339 2493 2388 ela·

1425 2411 1538 2453 tum
1574 2419 1606 2454 a
1639 2417 1864 2472 quatuor
1888 2406 2010 2459 filiis
2045 2414 2382 2473 consularibus,
2401 2416 2493 2482 qui

1422 2480 1667 2534 fuerunt:

1489 2571 1531 2609 1.
1578 2561 1646 2612 Q.
1688 2561 1927 2613 Caecilius
1968 2564 2218 2617 Metellus
2258 2567 2492 2618 Baleari-

1422 2648 1538 2698 cus,
1556 2640 1862 2706 consularis,
1880 2641 2203 2707 triumphalis
2231 2654 2287 2695 et
2304 2660 2489 2695 censo-

1475 2728 1555 2762 us.

1427 2725 1553 2839 5³¹1·
1591 2791 1651 2840 L.
1683 2787 1928 2843 Caecilius
1952 2796 2202 2846 Metellus
2234 2797 2491 2849 Delmati-

1420 2879 1536 2926 cus,
1568 2867 1853 2920 consularis
1876 2879 1931 2922 et
1956 2874 2299 2937 triumphalis.

1484 2958 1574 2994 111.
1611 2946 1688 2994 Μ.
1707 2947 1949 3004 Caecilius
1979 2951 2228 3001 Metellus
2253 2955 2489 3003 consula·

1421 3033 1512 3067 ris.

1443 3101 1446 3106 “
1485 3110 1561 3148 1v.
1598 3098 1661 3148 C.
1682 3099 1924 3151 Caecilius
1947 3101 2198 3153 Metellus
2222 3105 2488 3168 ,Caprari-
2524 3165 2531 3172 ,

1418 3188 1497 3238 ns,
1522 3176 1815 3237 pru-torius.
2046 3223 2053 3224 ff

1484 3254 1599 3304 Nisi
1623 3254 1761 3318 quod
1789 3253 1995 3320 quidam
2020 3257 2096 3307 Μ.
2118 3256 2331 3307 Caecilio
2359 3272 2484 3306 con·

1417 3334 1528 3402 sule
1567 3342 1823 3382 mortuum
1871 3339 2077 3397 putent,
2121 3336 2210 3384 alii
2244 3336 2484 3400 sequenti

1415 3422 1571 3459 anno.
1635 3409 1768 3459 Sunt
1789 3410 1878 3474 qui
1901 3412 2072 3473 plures
2088 3411 2280 3463 liberos
2301 3426 2484 3463 nume·

1414 3493 1554 3535 rant.
1623 3485 1866 3535 Valerius
1895 3487 1990 3536 lib.
2029 3501 2134 3538 vn.
2167 3496 2375 3552 septem
2406 3490 2483 3539 illi

1417 3555 1599 3611 t'ribnit
1617 3578 1634 3612 ι
1669 3562 1805 3613 viros
1829 3571 2070 3628 quatuor,
2091 3563 2313 3616 feminas
2334 3567 2483 3634 trfeis.

1412 3638 1616 3688 Plinius
1640 3640 1834 3690 Natur.
1857 3640 1911 3689 H
1915 3640 2000 3690 ist.
2018 3654 2078 3692 vt
2087 3655 2124 3690 1.
2140 3646 2219 3692 13.
2237 3657 2327 3691 sex
2349 3642 2481 3692 libe·

1411 3728 1497 3765 ros
1534 3716 1805 3780 reliquisse
1847 3717 2028 3781 tradit,
2070 3718 2312 3768 undecim
2357 3733 2478 3769 vero

1411 3801 1652 3856 nepotes,
1668 3808 1856 3857 nurus,
1870 3797 1971 3845 dec.
1992 3803 2049 3845 et
2070 3810 2190 3859 cap.
2205 3802 2289 3848 44.
2302 3798 2320 3826 ‘
2335 3798 2481 3849 Qua·

1408 3876 1535 3919 tuor
1569 3870 1690 3919 filiis
1715 3873 1884 3920 elatus
1908 3886 2056 3936 rogo,
2084 3888 2188 3922 uno
2225 3880 2477 3936 praetore,

1411 3947 1580 3995 tribus
1625 3948 2009 4012 consularibus,
2049 3948 2250 3998 duobus
2296 3950 2476 3999 trium-

1410 4016 1667 4090 plialibus,
1703 4041 1804 4078 uno
1848 4025 2122 4077 censorio-⁹
2186 4029 2307 4079 Quo
2342 4028 2476 4083 loco.

1405 4118 1499 4152 uno
1514 4104 1748 4168 praetorio
1783 4091 2060 4167 legendum
2095 4118 2161 4153 ex
2182 4103 2302 4153 Val.
2325 4104 2474 4155 Max.

1407 4180 1607 4241 Magna
1631 4186 1714 4227 est
1746 4179 1909 4243 igitur
1946 4181 2084 4228 iuter
2109 4179 2314 4228 Metelli
2346 4179 2473 4228 libe·

1407 4272 1492 4305 ros
1514 4258 1786 4306 dissensio.
1850 4256 2007 4309 Quod
2035 4265 2208 4310 autem
2228 4257 2287 4305 L.
2305 4255 2474 4307 caeci·

1404 4332 1530 4385 lium
1575 4333 1846 4385 Metellum
1903 4332 2257 4386 Delmaticum
2313 4348 2471 4399 supra
