<?xml version="1.0" encoding="UTF-8"?>
<!DOCTYPE html PUBLIC "-//W3C//DTD XHTML 1.0 Transitional//EN"
    "http://www.w3.org/TR/xhtml1/DTD/xhtml1-transitional.dtd">
<html xmlns="http://www.w3.org/1999/xhtml" xml:lang="en" lang="en">
 <head>
  <title>
</title>
<meta http-equiv="Content-Type" content="text/html;charset=utf-8" />
  <meta name='ocr-system' content='tesseract 3.04.00' />
  <meta name='ocr-capabilities' content='ocr_page ocr_carea ocr_par ocr_line ocrx_word'/>
</head>
<body>
  <div class='ocr_page' id='page_1' title='image "./sextiaureliivic00valpgoog_0123.png"; bbox 0 0 3025 4934; ppageno 0'>
   <div class='ocr_carea' id='block_1_1' title="bbox 585 356 2271 440">
    <p class='ocr_par' dir='ltr' id='par_1_1' title="bbox 585 356 2271 440">
     <span class='ocr_line' id='line_1_1' title="bbox 585 356 2271 440; baseline 0.002 -32"><span class='ocrx_word' id='word_1_1' title='bbox 585 358 875 409; x_wconf 68' lang='lat' dir='ltr'>Auum..</span> <span class='ocrx_word' id='word_1_2' title='bbox 907 358 1104 407; x_wconf 77' lang='lat' dir='ltr'>VIOT-</span> <span class='ocrx_word' id='word_1_3' title='bbox 1139 356 1362 408; x_wconf 80' lang='lat' dir='ltr'>VIROS</span> <span class='ocrx_word' id='word_1_4' title='bbox 1410 357 1768 409; x_wconf 69' lang='lat' dir='ltr'><strong>ILLUSTR.</strong></span> <span class='ocrx_word' id='word_1_5' title='bbox 1816 361 1981 409; x_wconf 78' lang='lat' dir='ltr'>cAP.</span> <span class='ocrx_word' id='word_1_6' title='bbox 2027 360 2271 440; x_wconf 42' lang='lat' dir='ltr'><strong>X&#39;XXI·</strong></span> 
     </span>
    </p>
   </div>
   <div class='ocr_carea' id='block_1_2' title="bbox 295 497 1394 4323">
    <p class='ocr_par' dir='ltr' id='par_1_2' title="bbox 323 497 1394 936">
     <span class='ocr_line' id='line_1_2' title="bbox 330 497 1387 568; baseline -0.002 -14"><span class='ocrx_word' id='word_1_7' title='bbox 330 502 349 532; x_wconf 80' lang='lat'>⁴</span> <span class='ocrx_word' id='word_1_8' title='bbox 369 501 614 557; x_wconf 82' lang='lat' dir='ltr'>Paulum,</span> <span class='ocrx_word' id='word_1_9' title='bbox 635 501 722 551; x_wconf 88' lang='lat' dir='ltr'>cni</span> <span class='ocrx_word' id='word_1_10' title='bbox 746 501 845 565; x_wconf 93' lang='lat' dir='ltr'>ipsi</span> <span class='ocrx_word' id='word_1_11' title='bbox 870 516 1074 568; x_wconf 88' lang='lat' dir='ltr'>qnoque</span> <span class='ocrx_word' id='word_1_12' title='bbox 1099 516 1156 553; x_wconf 84' lang='lat' dir='ltr'>se</span> <span class='ocrx_word' id='word_1_13' title='bbox 1181 497 1387 568; x_wconf 82' lang='lat' dir='ltr'>compa·</span> 
     </span>
     <span class='ocr_line' id='line_1_3' title="bbox 325 578 1394 643; baseline -0.001 -12"><span class='ocrx_word' id='word_1_14' title='bbox 325 595 440 631; x_wconf 75' lang='lat' dir='ltr'>rare</span> <span class='ocrx_word' id='word_1_15' title='bbox 461 578 814 639; x_wconf 68' lang='lat' dir='ltr'>erubuissent,</span> <span class='ocrx_word' id='word_1_16' title='bbox 831 579 1147 629; x_wconf 74' lang='lat' dir='ltr'><strong>obtrectatio</strong></span> <span class='ocrx_word' id='word_1_17' title='bbox 1166 579 1394 643; x_wconf 61' lang='lat' dir='ltr'>carpsit?</span> 
     </span>
     <span class='ocr_line' id='line_1_4' title="bbox 324 653 1392 718; baseline -0.004 -10"><span class='ocrx_word' id='word_1_18' title='bbox 324 657 409 708; x_wconf 80' lang='lat' dir='ltr'>Sic</span> <span class='ocrx_word' id='word_1_19' title='bbox 427 656 445 685; x_wconf 76' lang='lat'><strong>⁴</strong></span> <span class='ocrx_word' id='word_1_20' title='bbox 472 657 552 705; x_wconf 84' lang='lat' dir='ltr'>ira</span> <span class='ocrx_word' id='word_1_21' title='bbox 577 653 738 705; x_wconf 79' lang='lat' dir='ltr'>fecit&#39;</span> <span class='ocrx_word' id='word_1_22' title='bbox 761 654 898 718; x_wconf 80' lang='lat' dir='ltr'>apud</span> <span class='ocrx_word' id='word_1_23' title='bbox 924 655 1141 704; x_wconf 88' lang='lat' dir='ltr'>eundem</span> <span class='ocrx_word' id='word_1_24' title='bbox 1169 667 1291 704; x_wconf 82' lang='lat' dir='ltr'>xxt.</span> <span class='ocrx_word' id='word_1_25' title='bbox 1311 658 1392 704; x_wconf 99' lang='grc'>16.</span> 
     </span>
     <span class='ocr_line' id='line_1_5' title="bbox 325 730 1393 795; baseline -0.006 -11"><span class='ocrx_word' id='word_1_26' title='bbox 325 732 526 784; x_wconf 79' lang='lat' dir='ltr'><strong>Similia</strong></span> <span class='ocrx_word' id='word_1_27' title='bbox 557 731 696 795; x_wconf 77' lang='lat' dir='ltr'>apud</span> <span class='ocrx_word' id='word_1_28' title='bbox 722 731 869 781; x_wconf 85' lang='lat' dir='ltr'>Cort.</span> <span class='ocrx_word' id='word_1_29' title='bbox 901 730 968 781; x_wconf 85' lang='lat' dir='ltr'>ad</span> <span class='ocrx_word' id='word_1_30' title='bbox 1004 732 1213 782; x_wconf 83' lang='lat' dir='ltr'>Sallust.</span> <span class='ocrx_word' id='word_1_31' title='bbox 1237 731 1393 780; x_wconf 84' lang='lat' dir='ltr'>Catil.</span> 
     </span>
     <span class='ocr_line' id='line_1_6' title="bbox 325 806 1391 872; baseline -0.004 -12"><span class='ocrx_word' id='word_1_32' title='bbox 325 825 370 860; x_wconf 86' lang='lat' dir='ltr'>e.</span> <span class='ocrx_word' id='word_1_33' title='bbox 396 813 477 859; x_wconf 76' lang='grc'>14.</span> <span class='ocrx_word' id='word_1_34' title='bbox 501 810 532 872; x_wconf 79' lang='lat'>§</span> <span class='ocrx_word' id='word_1_35' title='bbox 558 810 606 856; x_wconf 93' lang='lat'>1.</span> <span class='ocrx_word' id='word_1_36' title='bbox 628 816 684 857; x_wconf 88' lang='lat' dir='ltr'>et</span> <span class='ocrx_word' id='word_1_37' title='bbox 709 822 756 857; x_wconf 85' lang='lat' dir='ltr'>c.</span> <span class='ocrx_word' id='word_1_38' title='bbox 778 811 860 859; x_wconf 85' lang='grc'>33.</span> <span class='ocrx_word' id='word_1_39' title='bbox 885 808 913 870; x_wconf 84' lang='lat'>§</span> <span class='ocrx_word' id='word_1_40' title='bbox 938 813 988 857; x_wconf 90' lang='grc'>6.</span> <span class='ocrx_word' id='word_1_41' title='bbox 1006 806 1216 872; x_wconf 79' lang='lat' dir='ltr'>Jugu&#39;rt.</span> <span class='ocrx_word' id='word_1_42' title='bbox 1240 822 1286 857; x_wconf 85' lang='lat' dir='ltr'>c.</span> <span class='ocrx_word' id='word_1_43' title='bbox 1311 811 1391 856; x_wconf 90' lang='grc'>16.</span> 
     </span>
     <span class='ocr_line' id='line_1_7' title="bbox 323 884 627 936; baseline -0.01 -1"><span class='ocrx_word' id='word_1_44' title='bbox 323 885 410 936; x_wconf 81' lang='lat' dir='ltr'>fin.</span> <span class='ocrx_word' id='word_1_45' title='bbox 446 884 627 936; x_wconf 71' lang='lat' dir='ltr'>Amtz.</span> 
     </span>
    </p>

    <p class='ocr_par' dir='ltr' id='par_1_3' title="bbox 317 959 1391 1470">
     <span class='ocr_line' id='line_1_8' title="bbox 383 959 1390 1025; baseline -0.001 -12"><span class='ocrx_word' id='word_1_46' title='bbox 383 962 612 1013; x_wconf 62' lang='lat' dir='ltr'>Accium</span> <span class='ocrx_word' id='word_1_47' title='bbox 641 959 852 1025; x_wconf 80' lang='lat' dir='ltr'>putrem]</span> <span class='ocrx_word' id='word_1_48' title='bbox 889 961 946 1008; x_wconf 83' lang='lat' dir='ltr'>G.</span> <span class='ocrx_word' id='word_1_49' title='bbox 974 961 1178 1011; x_wconf 69' lang='lat' dir='ltr'>Pontius</span> <span class='ocrx_word' id='word_1_50' title='bbox 1208 961 1390 1012; x_wconf 85' lang='lat' dir='ltr'>addito</span> 
     </span>
     <span class='ocr_line' id='line_1_9' title="bbox 321 1038 1391 1102; baseline -0.001 -14"><span class='ocrx_word' id='word_1_51' title='bbox 321 1039 644 1102; x_wconf 68' lang='lat' dir='ltr'>praenomine</span> <span class='ocrx_word' id='word_1_52' title='bbox 709 1038 988 1087; x_wconf 89' lang='lat' dir='ltr'>ediderunt</span> <span class='ocrx_word' id='word_1_53' title='bbox 1058 1039 1391 1099; x_wconf 71' lang='lat' dir='ltr'>posteriores,</span> 
     </span>
     <span class='ocr_line' id='line_1_10' title="bbox 320 1113 1387 1177; baseline 0.001 -13"><span class='ocrx_word' id='word_1_54' title='bbox 320 1115 408 1164; x_wconf 83' lang='lat' dir='ltr'>sed</span> <span class='ocrx_word' id='word_1_55' title='bbox 455 1115 621 1177; x_wconf 82' lang='lat' dir='ltr'>prisci</span> <span class='ocrx_word' id='word_1_56' title='bbox 665 1113 974 1177; x_wconf 87' lang='lat' dir='ltr'>simpliciter</span> <span class='ocrx_word' id='word_1_57' title='bbox 1017 1115 1226 1165; x_wconf 72' lang='lat' dir='ltr'>Pontius</span> <span class='ocrx_word' id='word_1_58' title='bbox 1270 1130 1387 1165; x_wconf 88' lang='lat' dir='ltr'>cum</span> 
     </span>
     <span class='ocr_line' id='line_1_11' title="bbox 319 1190 1388 1255; baseline 0.002 -15"><span class='ocrx_word' id='word_1_59' title='bbox 319 1191 563 1241; x_wconf 83' lang='lat' dir='ltr'>omnibns</span> <span class='ocrx_word' id='word_1_60' title='bbox 583 1191 712 1239; x_wconf 84' lang='lat' dir='ltr'>Mss.</span> <span class='ocrx_word' id='word_1_61' title='bbox 737 1197 793 1239; x_wconf 89' lang='lat' dir='ltr'>et</span> <span class='ocrx_word' id='word_1_62' title='bbox 813 1191 890 1239; x_wconf 89' lang='lat' dir='ltr'>sic</span> <span class='ocrx_word' id='word_1_63' title='bbox 914 1190 1089 1239; x_wconf 79' lang='lat' dir='ltr'>Florus</span> <span class='ocrx_word' id='word_1_64' title='bbox 1110 1205 1151 1240; x_wconf 86' lang='lat'>1.</span> <span class='ocrx_word' id='word_1_65' title='bbox 1178 1196 1256 1241; x_wconf 85' lang='grc'>16.</span> <span class='ocrx_word' id='word_1_66' title='bbox 1286 1194 1314 1255; x_wconf 82' lang='lat'>§</span> <span class='ocrx_word' id='word_1_67' title='bbox 1340 1196 1388 1242; x_wconf 91' lang='lat'>1·.</span> 
     </span>
     <span class='ocr_line' id='line_1_12' title="bbox 321 1267 1387 1318; baseline 0.001 -1"><span class='ocrx_word' id='word_1_68' title='bbox 321 1268 541 1317; x_wconf 88' lang='lat' dir='ltr'>Orosius</span> <span class='ocrx_word' id='word_1_69' title='bbox 566 1282 653 1317; x_wconf 90' lang='grc' dir='ltr'><strong>ιιι.</strong></span> <span class='ocrx_word' id='word_1_70' title='bbox 677 1272 758 1318; x_wconf 90' lang='grc'>16.</span> <span class='ocrx_word' id='word_1_71' title='bbox 818 1267 926 1317; x_wconf 92' lang='lat' dir='ltr'>Pro</span> <span class='ocrx_word' id='word_1_72' title='bbox 943 1268 1241 1318; x_wconf 76' lang='lat' dir='ltr'>Herennium</span> <span class='ocrx_word' id='word_1_73' title='bbox 1260 1269 1387 1318; x_wconf 88' lang='lat' dir='ltr'>scri·</span> 
     </span>
     <span class='ocr_line' id='line_1_13' title="bbox 317 1342 1386 1394; baseline 0 -1"><span class='ocrx_word' id='word_1_74' title='bbox 317 1343 393 1394; x_wconf 89' lang='lat' dir='ltr'>bit</span> <span class='ocrx_word' id='word_1_75' title='bbox 416 1343 685 1393; x_wconf 71' lang='lat' dir='ltr'>Heu-emm</span> <span class='ocrx_word' id='word_1_76' title='bbox 718 1343 868 1393; x_wconf 88' lang='lat' dir='ltr'>Leid.</span> <span class='ocrx_word' id='word_1_77' title='bbox 896 1348 945 1392; x_wconf 80' lang='grc'>2.</span> <span class='ocrx_word' id='word_1_78' title='bbox 980 1342 1246 1393; x_wconf 73' lang='lat' dir='ltr'>Her-eninm</span> <span class='ocrx_word' id='word_1_79' title='bbox 1281 1344 1386 1393; x_wconf 90' lang='lat' dir='ltr'>Bo-</span> 
     </span>
     <span class='ocr_line' id='line_1_14' title="bbox 317 1422 1300 1470; baseline -0.01 0"><span class='ocrx_word' id='word_1_80' title='bbox 317 1422 440 1470; x_wconf 87' lang='lat' dir='ltr'>end.</span> <span class='ocrx_word' id='word_1_81' title='bbox 475 1422 653 1470; x_wconf 74' lang='lat' dir='ltr'>Arutz.</span> <span class='ocrx_word' id='word_1_82' title='bbox 1296 1446 1300 1451; x_wconf 88' lang='lat'><em>-</em></span> 
     </span>
    </p>

    <p class='ocr_par' dir='ltr' id='par_1_4' title="bbox 295 1493 1385 4323">
     <span class='ocr_line' id='line_1_15' title="bbox 380 1493 1384 1561; baseline 0 -14"><span class='ocrx_word' id='word_1_83' title='bbox 380 1499 411 1561; x_wconf 61' lang='grc' dir='ltr'><strong>ξ</strong></span> <span class='ocrx_word' id='word_1_84' title='bbox 439 1501 473 1547; x_wconf 76' lang='grc'>4</span> <span class='ocrx_word' id='word_1_85' title='bbox 506 1497 594 1546; x_wconf 74' lang='lat' dir='ltr'>‚Ex</span> <span class='ocrx_word' id='word_1_86' title='bbox 609 1495 822 1560; x_wconf 79' lang='lat' dir='ltr'>soedere]</span> <span class='ocrx_word' id='word_1_87' title='bbox 855 1493 1152 1558; x_wconf 66' lang='lat' dir='ltr'>Ictofdrdere</span> <span class='ocrx_word' id='word_1_88' title='bbox 1174 1497 1384 1560; x_wconf 88' lang='lat' dir='ltr'>reposui</span> 
     </span>
     <span class='ocr_line' id='line_1_16' title="bbox 315 1573 1385 1634; baseline 0.002 -13"><span class='ocrx_word' id='word_1_89' title='bbox 315 1587 380 1621; x_wconf 84' lang='lat' dir='ltr'>ex</span> <span class='ocrx_word' id='word_1_90' title='bbox 405 1573 630 1623; x_wconf 76' lang='lat' dir='ltr'>vetustis</span> <span class='ocrx_word' id='word_1_91' title='bbox 655 1573 805 1634; x_wconf 74' lang='lat' dir='ltr'>libb„</span> <span class='ocrx_word' id='word_1_92' title='bbox 823 1587 941 1623; x_wconf 83' lang='lat' dir='ltr'>nam</span> <span class='ocrx_word' id='word_1_93' title='bbox 963 1587 1027 1623; x_wconf 80' lang='lat' dir='ltr'>ex</span> <span class='ocrx_word' id='word_1_94' title='bbox 1045 1574 1231 1633; x_wconf 77' lang='lat' dir='ltr'>soedere</span> <span class='ocrx_word' id='word_1_95' title='bbox 1255 1573 1385 1624; x_wconf 86' lang='lat' dir='ltr'>ferri</span> 
     </span>
     <span class='ocr_line' id='line_1_17' title="bbox 315 1649 1382 1713; baseline 0.003 -15"><span class='ocrx_word' id='word_1_96' title='bbox 315 1664 417 1698; x_wconf 89' lang='lat' dir='ltr'>non</span> <span class='ocrx_word' id='word_1_97' title='bbox 477 1655 673 1712; x_wconf 87' lang='lat' dir='ltr'>potest.</span> <span class='ocrx_word' id='word_1_98' title='bbox 741 1649 922 1698; x_wconf 84' lang='lat' dir='ltr'>Florus</span> <span class='ocrx_word' id='word_1_99' title='bbox 963 1650 1017 1699; x_wconf 93' lang='lat' dir='ltr'>in</span> <span class='ocrx_word' id='word_1_100' title='bbox 1066 1652 1210 1713; x_wconf 86' lang='lat' dir='ltr'>Epit.</span> <span class='ocrx_word' id='word_1_101' title='bbox 1247 1652 1263 1680; x_wconf 78' lang='lat'><em>⁶</em></span> <span class='ocrx_word' id='word_1_102' title='bbox 1288 1650 1382 1701; x_wconf 77' lang='lat' dir='ltr'>foe·</span> 
     </span>
     <span class='ocr_line' id='line_1_18' title="bbox 315 1725 1383 1777; baseline 0.001 -1"><span class='ocrx_word' id='word_1_103' title='bbox 315 1727 441 1776; x_wconf 89' lang='lat' dir='ltr'>dere</span> <span class='ocrx_word' id='word_1_104' title='bbox 477 1741 598 1777; x_wconf 89' lang='lat' dir='ltr'>cnm</span> <span class='ocrx_word' id='word_1_105' title='bbox 635 1727 955 1777; x_wconf 84' lang='lat' dir='ltr'>Samnitibus</span> <span class='ocrx_word' id='word_1_106' title='bbox 994 1725 1171 1777; x_wconf 86' lang='lat' dir='ltr'>facto.&#39;</span> <span class='ocrx_word' id='word_1_107' title='bbox 1227 1728 1383 1777; x_wconf 87' lang='lat' dir='ltr'>Clau·</span> 
     </span>
     <span class='ocr_line' id='line_1_19' title="bbox 313 1801 1382 1868; baseline 0 -16"><span class='ocrx_word' id='word_1_108' title='bbox 313 1802 430 1852; x_wconf 87' lang='lat' dir='ltr'>dius</span> <span class='ocrx_word' id='word_1_109' title='bbox 470 1816 680 1868; x_wconf 83' lang='lat' dir='ltr'>quoqne</span> <span class='ocrx_word' id='word_1_110' title='bbox 718 1802 1094 1865; x_wconf 80' lang='lat' dir='ltr'>Quadrigarius</span> <span class='ocrx_word' id='word_1_111' title='bbox 1137 1810 1151 1833; x_wconf 80' lang='lat'><em>⁶</em></span> <span class='ocrx_word' id='word_1_112' title='bbox 1176 1801 1382 1853; x_wconf 74' lang='lat' dir='ltr'>fredus&#39;</span> 
     </span>
     <span class='ocr_line' id='line_1_20' title="bbox 313 1879 1381 1944; baseline 0 -14"><span class='ocrx_word' id='word_1_113' title='bbox 313 1880 568 1943; x_wconf 81' lang='lat' dir='ltr'>appellat,</span> <span class='ocrx_word' id='word_1_114' title='bbox 606 1896 637 1929; x_wconf 86' lang='lat' dir='ltr'>a</span> <span class='ocrx_word' id='word_1_115' title='bbox 674 1895 775 1944; x_wconf 89' lang='lat' dir='ltr'>qno</span> <span class='ocrx_word' id='word_1_116' title='bbox 811 1879 987 1929; x_wconf 85' lang='lat' dir='ltr'>Livius</span> <span class='ocrx_word' id='word_1_117' title='bbox 1025 1880 1243 1929; x_wconf 88' lang='lat' dir='ltr'>nominis</span> <span class='ocrx_word' id='word_1_118' title='bbox 1279 1880 1381 1930; x_wconf 88' lang='lat' dir='ltr'>Ro-</span> 
     </span>
     <span class='ocr_line' id='line_1_21' title="bbox 314 1955 1381 2020; baseline -0.001 -14"><span class='ocrx_word' id='word_1_119' title='bbox 314 1957 452 2006; x_wconf 80' lang='lat' dir='ltr'>mani</span> <span class='ocrx_word' id='word_1_120' title='bbox 533 1956 889 2018; x_wconf 84' lang='lat' dir='ltr'>perstudiosus</span> <span class='ocrx_word' id='word_1_121' title='bbox 969 1956 1225 2018; x_wconf 83' lang='lat' dir='ltr'>dissentit,</span> <span class='ocrx_word' id='word_1_122' title='bbox 1291 1955 1381 2020; x_wconf 88' lang='lat' dir='ltr'>qni</span> 
     </span>
     <span class='ocr_line' id='line_1_22' title="bbox 311 2030 1379 2097; baseline -0.002 -16"><span class='ocrx_word' id='word_1_123' title='bbox 311 2035 329 2063; x_wconf 81' lang='lat'>⁸</span> <span class='ocrx_word' id='word_1_124' title='bbox 350 2032 723 2097; x_wconf 85' lang='lat' dir='ltr'>sponsionem&#39;</span> <span class='ocrx_word' id='word_1_125' title='bbox 758 2033 1156 2093; x_wconf 86' lang='lat' dir='ltr'>interpretatur.</span> <span class='ocrx_word' id='word_1_126' title='bbox 1221 2030 1379 2080; x_wconf 83' lang='lat' dir='ltr'>Vide-</span> 
     </span>
     <span class='ocr_line' id='line_1_23' title="bbox 313 2107 1379 2172; baseline 0 -15"><span class='ocrx_word' id='word_1_127' title='bbox 313 2111 382 2158; x_wconf 88' lang='lat' dir='ltr'>sis</span> <span class='ocrx_word' id='word_1_128' title='bbox 421 2110 606 2172; x_wconf 76' lang='lat' dir='ltr'>Sigon.</span> <span class='ocrx_word' id='word_1_129' title='bbox 652 2110 742 2159; x_wconf 88' lang='lat' dir='ltr'>lib.</span> <span class='ocrx_word' id='word_1_130' title='bbox 782 2123 823 2158; x_wconf 86' lang='lat'>1.</span> <span class='ocrx_word' id='word_1_131' title='bbox 868 2108 937 2157; x_wconf 87' lang='lat' dir='ltr'>de</span> <span class='ocrx_word' id='word_1_132' title='bbox 975 2107 1210 2172; x_wconf 87' lang='lat' dir='ltr'>Antiquo</span> <span class='ocrx_word' id='word_1_133' title='bbox 1246 2108 1379 2158; x_wconf 82' lang='lat' dir='ltr'>Jure</span> 
     </span>
     <span class='ocr_line' id='line_1_24' title="bbox 313 2184 1379 2249; baseline -0.003 -13"><span class='ocrx_word' id='word_1_134' title='bbox 313 2186 516 2236; x_wconf 81' lang='lat' dir='ltr'>Civium</span> <span class='ocrx_word' id='word_1_135' title='bbox 558 2187 902 2236; x_wconf 84' lang='lat' dir='ltr'>Romanorum</span> <span class='ocrx_word' id='word_1_136' title='bbox 941 2187 1152 2249; x_wconf 81' lang='lat' dir='ltr'>copiose</span> <span class='ocrx_word' id='word_1_137' title='bbox 1189 2184 1255 2234; x_wconf 92' lang='lat' dir='ltr'>de</span> <span class='ocrx_word' id='word_1_138' title='bbox 1297 2186 1379 2234; x_wconf 87' lang='lat' dir='ltr'>his</span> 
     </span>
     <span class='ocr_line' id='line_1_25' title="bbox 313 2262 1379 2324; baseline 0.003 -13"><span class='ocrx_word' id='word_1_139' title='bbox 313 2263 702 2314; x_wconf 86' lang='lat' dir='ltr'>dissertautem.</span> <span class='ocrx_word' id='word_1_140' title='bbox 736 2262 921 2313; x_wconf 62' lang='lat' dir='ltr'>senate.</span> <span class='ocrx_word' id='word_1_141' title='bbox 987 2265 1071 2312; x_wconf 75' lang='lat' dir='ltr'>Ex</span> <span class='ocrx_word' id='word_1_142' title='bbox 1088 2262 1276 2324; x_wconf 77' lang='lat' dir='ltr'>foedere</span> <span class='ocrx_word' id='word_1_143' title='bbox 1300 2271 1379 2314; x_wconf 82' lang='lat' dir='ltr'>ta-</span> 
     </span>
     <span class='ocr_line' id='line_1_26' title="bbox 313 2340 1378 2404; baseline -0.001 -14"><span class='ocrx_word' id='word_1_144' title='bbox 313 2354 429 2390; x_wconf 88' lang='lat' dir='ltr'>men</span> <span class='ocrx_word' id='word_1_145' title='bbox 465 2355 644 2390; x_wconf 85' lang='lat' dir='ltr'>omues</span> <span class='ocrx_word' id='word_1_146' title='bbox 680 2346 736 2390; x_wconf 88' lang='lat' dir='ltr'>et</span> <span class='ocrx_word' id='word_1_147' title='bbox 765 2341 894 2389; x_wconf 89' lang='lat' dir='ltr'>editi</span> <span class='ocrx_word' id='word_1_148' title='bbox 920 2348 973 2390; x_wconf 87' lang='lat' dir='ltr'>et</span> <span class='ocrx_word' id='word_1_149' title='bbox 1001 2341 1203 2403; x_wconf 86' lang='lat' dir='ltr'>scripti,</span> <span class='ocrx_word' id='word_1_150' title='bbox 1238 2340 1378 2404; x_wconf 90' lang='lat' dir='ltr'>quod</span> 
     </span>
     <span class='ocr_line' id='line_1_27' title="bbox 314 2414 1376 2480; baseline 0.002 -16"><span class='ocrx_word' id='word_1_151' title='bbox 314 2430 417 2478; x_wconf 88' lang='lat' dir='ltr'>quo</span> <span class='ocrx_word' id='word_1_152' title='bbox 463 2417 631 2465; x_wconf 86' lang='lat' dir='ltr'>minus</span> <span class='ocrx_word' id='word_1_153' title='bbox 670 2414 793 2465; x_wconf 84' lang='lat' dir='ltr'>ferri</span> <span class='ocrx_word' id='word_1_154' title='bbox 839 2430 942 2465; x_wconf 90' lang='lat' dir='ltr'>non</span> <span class='ocrx_word' id='word_1_155' title='bbox 985 2418 1168 2480; x_wconf 86' lang='lat' dir='ltr'>possit,</span> <span class='ocrx_word' id='word_1_156' title='bbox 1204 2418 1376 2467; x_wconf 88' lang='lat' dir='ltr'>nullus</span> 
     </span>
     <span class='ocr_line' id='line_1_28' title="bbox 314 2483 1375 2554; baseline 0.006 -16"><span class='ocrx_word' id='word_1_157' title='bbox 314 2491 477 2541; x_wconf 78' lang='lat' dir='ltr'>video.</span> <span class='ocrx_word' id='word_1_158' title='bbox 545 2483 705 2541; x_wconf 81' lang='lat' dir='ltr'>Certe</span> <span class='ocrx_word' id='word_1_159' title='bbox 728 2492 822 2551; x_wconf 85' lang='lat' dir='ltr'>illi,</span> <span class='ocrx_word' id='word_1_160' title='bbox 844 2493 929 2554; x_wconf 84' lang='lat' dir='ltr'>qui</span> <span class='ocrx_word' id='word_1_161' title='bbox 952 2493 1016 2541; x_wconf 84' lang='lat' dir='ltr'>ad</span> <span class='ocrx_word' id='word_1_162' title='bbox 1043 2507 1266 2543; x_wconf 86' lang='lat' dir='ltr'>summas</span> <span class='ocrx_word' id='word_1_163' title='bbox 1288 2508 1375 2543; x_wconf 82' lang='lat' dir='ltr'>an-</span> 
     </span>
     <span class='ocr_line' id='line_1_29' title="bbox 313 2568 1375 2629; baseline 0.005 -14"><span class='ocrx_word' id='word_1_164' title='bbox 313 2568 507 2629; x_wconf 76' lang='lat' dir='ltr'>gustias</span> <span class='ocrx_word' id='word_1_165' title='bbox 532 2568 729 2617; x_wconf 84' lang='lat' dir='ltr'>redacti</span> <span class='ocrx_word' id='word_1_166' title='bbox 754 2583 810 2617; x_wconf 90' lang='lat' dir='ltr'>se</span> <span class='ocrx_word' id='word_1_167' title='bbox 832 2568 967 2618; x_wconf 83' lang='lat' dir='ltr'>hosti</span> <span class='ocrx_word' id='word_1_168' title='bbox 997 2569 1192 2619; x_wconf 85' lang='lat' dir='ltr'>dedere</span> <span class='ocrx_word' id='word_1_169' title='bbox 1215 2570 1375 2620; x_wconf 89' lang='lat' dir='ltr'>debe-</span> 
     </span>
     <span class='ocr_line' id='line_1_30' title="bbox 314 2646 1374 2707; baseline 0.004 -15"><span class='ocrx_word' id='word_1_170' title='bbox 314 2652 447 2706; x_wconf 89' lang='lat' dir='ltr'>rent,</span> <span class='ocrx_word' id='word_1_171' title='bbox 467 2657 525 2694; x_wconf 88' lang='lat' dir='ltr'>et</span> <span class='ocrx_word' id='word_1_172' title='bbox 557 2660 670 2694; x_wconf 88' lang='lat' dir='ltr'>eam</span> <span class='ocrx_word' id='word_1_173' title='bbox 704 2646 1071 2695; x_wconf 83' lang='lat' dir='ltr'>contumeliam</span> <span class='ocrx_word' id='word_1_174' title='bbox 1103 2648 1296 2707; x_wconf 87' lang='lat' dir='ltr'>sn&#39;bire,</span> <span class='ocrx_word' id='word_1_175' title='bbox 1319 2654 1374 2697; x_wconf 86' lang='lat' dir='ltr'>ut</span> 
     </span>
     <span class='ocr_line' id='line_1_31' title="bbox 310 2721 1375 2786; baseline 0.004 -18"><span class='ocrx_word' id='word_1_176' title='bbox 310 2721 604 2786; x_wconf 85' lang='lat' dir='ltr'>subjugum</span> <span class='ocrx_word' id='word_1_177' title='bbox 629 2722 980 2784; x_wconf 83' lang='lat' dir='ltr'>mitterentur,</span> <span class='ocrx_word' id='word_1_178' title='bbox 1005 2721 1147 2784; x_wconf 88' lang='lat' dir='ltr'>prius</span> <span class='ocrx_word' id='word_1_179' title='bbox 1171 2725 1375 2785; x_wconf 84' lang='lat' dir='ltr'>sponsi·</span> 
     </span>
     <span class='ocr_line' id='line_1_32' title="bbox 313 2798 1373 2863; baseline 0.002 -17"><span class='ocrx_word' id='word_1_180' title='bbox 313 2811 461 2847; x_wconf 89' lang='lat' dir='ltr'>onem</span> <span class='ocrx_word' id='word_1_181' title='bbox 517 2799 740 2863; x_wconf 75' lang='lat' dir='ltr'>aliquam</span> <span class='ocrx_word' id='word_1_182' title='bbox 795 2798 1081 2854; x_wconf 82' lang='lat' dir='ltr'>faciebant,</span> <span class='ocrx_word' id='word_1_183' title='bbox 1127 2806 1187 2847; x_wconf 91' lang='lat' dir='ltr'>nt</span> <span class='ocrx_word' id='word_1_184' title='bbox 1231 2799 1373 2848; x_wconf 90' lang='lat' dir='ltr'>inco-</span> 
     </span>
     <span class='ocr_line' id='line_1_33' title="bbox 310 2875 1371 2940; baseline 0.001 -15"><span class='ocrx_word' id='word_1_185' title='bbox 310 2878 470 2926; x_wconf 86' lang='lat' dir='ltr'>lumes</span> <span class='ocrx_word' id='word_1_186' title='bbox 506 2876 742 2937; x_wconf 79' lang='lat' dir='ltr'>abirent3</span> <span class='ocrx_word' id='word_1_187' title='bbox 789 2876 953 2939; x_wconf 88' lang='lat' dir='ltr'>qualis</span> <span class='ocrx_word' id='word_1_188' title='bbox 989 2875 1198 2938; x_wconf 87' lang='lat' dir='ltr'>sponsio</span> <span class='ocrx_word' id='word_1_189' title='bbox 1234 2877 1371 2940; x_wconf 84' lang='lat' dir='ltr'>apud</span> 
     </span>
     <span class='ocr_line' id='line_1_34' title="bbox 310 2953 1370 3017; baseline 0.002 -16"><span class='ocrx_word' id='word_1_190' title='bbox 310 2954 535 3014; x_wconf 89' lang='lat' dir='ltr'>optimos</span> <span class='ocrx_word' id='word_1_191' title='bbox 590 2967 820 3017; x_wconf 84' lang='lat' dir='ltr'>quosque</span> <span class='ocrx_word' id='word_1_192' title='bbox 876 2953 1160 3014; x_wconf 81' lang='lat' dir='ltr'>scriptores</span> <span class='ocrx_word' id='word_1_193' title='bbox 1213 2954 1370 3004; x_wconf 88' lang='lat' dir='ltr'>etiam</span> 
     </span>
     <span class='ocr_line' id='line_1_35' title="bbox 307 3029 1371 3095; baseline 0 -14"><span class='ocrx_word' id='word_1_194' title='bbox 307 3029 479 3081; x_wconf 82' lang='lat' dir='ltr'>foedus</span> <span class='ocrx_word' id='word_1_195' title='bbox 534 3031 851 3094; x_wconf 82' lang='lat' dir='ltr'>appellatur.</span> <span class='ocrx_word' id='word_1_196' title='bbox 935 3031 1109 3080; x_wconf 87' lang='lat' dir='ltr'>Voces</span> <span class='ocrx_word' id='word_1_197' title='bbox 1164 3032 1371 3095; x_wconf 89' lang='lat' dir='ltr'>quidem</span> 
     </span>
     <span class='ocr_line' id='line_1_36' title="bbox 308 3107 1373 3171; baseline 0.001 -15"><span class='ocrx_word' id='word_1_198' title='bbox 308 3108 401 3169; x_wconf 75' lang='lat' dir='ltr'>hae,</span> <span class='ocrx_word' id='word_1_199' title='bbox 426 3109 472 3156; x_wconf 87' lang='lat' dir='ltr'>si</span> <span class='ocrx_word' id='word_1_200' title='bbox 496 3108 710 3171; x_wconf 89' lang='lat' dir='ltr'>proprie</span> <span class='ocrx_word' id='word_1_201' title='bbox 738 3107 881 3171; x_wconf 88' lang='lat' dir='ltr'>loqui</span> <span class='ocrx_word' id='word_1_202' title='bbox 917 3107 1152 3169; x_wconf 80' lang='lat' dir='ltr'>velimus,</span> <span class='ocrx_word' id='word_1_203' title='bbox 1187 3108 1373 3157; x_wconf 88' lang='lat' dir='ltr'>distin·</span> 
     </span>
     <span class='ocr_line' id='line_1_37' title="bbox 309 3180 1371 3247; baseline 0 -15"><span class='ocrx_word' id='word_1_204' title='bbox 309 3183 529 3247; x_wconf 76' lang='lat' dir='ltr'>gne‘ndae</span> <span class='ocrx_word' id='word_1_205' title='bbox 553 3193 726 3240; x_wconf 87' lang='lat' dir='ltr'>erunt,</span> <span class='ocrx_word' id='word_1_206' title='bbox 750 3197 866 3232; x_wconf 91' lang='lat' dir='ltr'>cum</span> <span class='ocrx_word' id='word_1_207' title='bbox 890 3180 1059 3231; x_wconf 84' lang='lat' dir='ltr'>foedus</span> <span class='ocrx_word' id='word_1_208' title='bbox 1091 3197 1371 3247; x_wconf 85' lang='lat' dir='ltr'>compona-</span> 
     </span>
     <span class='ocr_line' id='line_1_38' title="bbox 310 3257 1370 3320; baseline -0.001 -12"><span class='ocrx_word' id='word_1_209' title='bbox 310 3266 394 3308; x_wconf 87' lang='lat' dir='ltr'>tur</span> <span class='ocrx_word' id='word_1_210' title='bbox 432 3259 489 3308; x_wconf 85' lang='lat' dir='ltr'>S.</span> <span class='ocrx_word' id='word_1_211' title='bbox 527 3257 592 3307; x_wconf 92' lang='grc' dir='ltr'>Ρ.</span> <span class='ocrx_word' id='word_1_212' title='bbox 634 3258 702 3309; x_wconf 86' lang='lat' dir='ltr'>Q.</span> <span class='ocrx_word' id='word_1_213' title='bbox 742 3258 805 3306; x_wconf 82' lang='lat' dir='ltr'>R.</span> <span class='ocrx_word' id='word_1_214' title='bbox 848 3270 1122 3319; x_wconf 87' lang='lat' dir='ltr'>consensu,</span> <span class='ocrx_word' id='word_1_215' title='bbox 1160 3260 1370 3320; x_wconf 85' lang='lat' dir='ltr'>sponsio</span> 
     </span>
     <span class='ocr_line' id='line_1_39' title="bbox 309 3334 1370 3399; baseline -0.001 -15"><span class='ocrx_word' id='word_1_216' title='bbox 309 3349 429 3384; x_wconf 83' lang='lat' dir='ltr'>vero</span> <span class='ocrx_word' id='word_1_217' title='bbox 454 3349 625 3399; x_wconf 86' lang='lat' dir='ltr'>neque</span> <span class='ocrx_word' id='word_1_218' title='bbox 659 3335 852 3399; x_wconf 90' lang='lat' dir='ltr'>populo</span> <span class='ocrx_word' id='word_1_219' title='bbox 879 3334 1105 3398; x_wconf 86' lang='lat' dir='ltr'>jubente</span> <span class='ocrx_word' id='word_1_220' title='bbox 1128 3349 1227 3384; x_wconf 86' lang='lat' dir='ltr'>nec</span> <span class='ocrx_word' id='word_1_221' title='bbox 1250 3349 1370 3384; x_wconf 79' lang='lat' dir='ltr'>suc·</span> 
     </span>
     <span class='ocr_line' id='line_1_40' title="bbox 308 3408 1366 3463; baseline 0.001 -3"><span class='ocrx_word' id='word_1_222' title='bbox 308 3418 420 3461; x_wconf 89' lang='lat' dir='ltr'>tore</span> <span class='ocrx_word' id='word_1_223' title='bbox 442 3418 645 3461; x_wconf 86' lang='lat' dir='ltr'>senatu.</span> <span class='ocrx_word' id='word_1_224' title='bbox 715 3412 884 3463; x_wconf 86' lang='lat' dir='ltr'>Quam</span> <span class='ocrx_word' id='word_1_225' title='bbox 918 3420 1093 3460; x_wconf 84' lang='lat' dir='ltr'>tamen</span> <span class='ocrx_word' id='word_1_226' title='bbox 1123 3408 1366 3460; x_wconf 81' lang='lat' dir='ltr'>differen-</span> 
     </span>
     <span class='ocr_line' id='line_1_41' title="bbox 307 3487 1371 3551; baseline 0 -14"><span class='ocrx_word' id='word_1_227' title='bbox 307 3488 428 3538; x_wconf 84' lang='lat' dir='ltr'>tiam</span> <span class='ocrx_word' id='word_1_228' title='bbox 476 3502 578 3537; x_wconf 92' lang='lat' dir='ltr'>non</span> <span class='ocrx_word' id='word_1_229' title='bbox 623 3487 808 3551; x_wconf 88' lang='lat' dir='ltr'>ubique</span> <span class='ocrx_word' id='word_1_230' title='bbox 851 3488 1118 3537; x_wconf 81' lang='lat' dir='ltr'>observari</span> <span class='ocrx_word' id='word_1_231' title='bbox 1161 3494 1371 3538; x_wconf 83' lang='lat' dir='ltr'>notarat</span> 
     </span>
     <span class='ocr_line' id='line_1_42' title="bbox 295 3564 1369 3629; baseline 0 -14"><span class='ocrx_word' id='word_1_232' title='bbox 295 3566 404 3629; x_wconf 83' lang='lat' dir='ltr'>jam</span> <span class='ocrx_word' id='word_1_233' title='bbox 443 3565 620 3627; x_wconf 82' lang='lat' dir='ltr'>Sigon.</span> <span class='ocrx_word' id='word_1_234' title='bbox 661 3565 726 3613; x_wconf 90' lang='lat' dir='ltr'>de</span> <span class='ocrx_word' id='word_1_235' title='bbox 763 3564 895 3617; x_wconf 83' lang='lat' dir='ltr'>Jnre</span> <span class='ocrx_word' id='word_1_236' title='bbox 932 3564 1106 3614; x_wconf 75' lang='lat' dir='ltr'>Italiae</span> <span class='ocrx_word' id='word_1_237' title='bbox 1146 3578 1187 3613; x_wconf 89' lang='grc' dir='ltr'>ι.</span> <span class='ocrx_word' id='word_1_238' title='bbox 1225 3568 1271 3615; x_wconf 92' lang='grc'>1.</span> <span class='ocrx_word' id='word_1_239' title='bbox 1313 3575 1369 3615; x_wconf 89' lang='lat' dir='ltr'>et</span> 
     </span>
     <span class='ocr_line' id='line_1_43' title="bbox 306 3640 1368 3705; baseline -0.002 -14"><span class='ocrx_word' id='word_1_240' title='bbox 306 3642 507 3691; x_wconf 81' lang='lat' dir='ltr'>Duker.</span> <span class='ocrx_word' id='word_1_241' title='bbox 530 3641 593 3689; x_wconf 86' lang='lat' dir='ltr'>ad</span> <span class='ocrx_word' id='word_1_242' title='bbox 619 3640 759 3691; x_wconf 87' lang='lat' dir='ltr'>Flor.</span> <span class='ocrx_word' id='word_1_243' title='bbox 778 3655 815 3689; x_wconf 88' lang='grc' dir='ltr'>ι.</span> <span class='ocrx_word' id='word_1_244' title='bbox 833 3644 915 3690; x_wconf 85' lang='grc'>16.</span> <span class='ocrx_word' id='word_1_245' title='bbox 941 3642 970 3705; x_wconf 79' lang='lat'>§</span> <span class='ocrx_word' id='word_1_246' title='bbox 994 3644 1075 3690; x_wconf 75' lang='lat'>12.</span> <span class='ocrx_word' id='word_1_247' title='bbox 1111 3641 1196 3690; x_wconf 89' lang='lat' dir='ltr'>De</span> <span class='ocrx_word' id='word_1_248' title='bbox 1214 3641 1368 3691; x_wconf 87' lang='lat' dir='ltr'>Man·</span> 
     </span>
     <span class='ocr_line' id='line_1_44' title="bbox 303 3719 1369 3785; baseline 0.002 -16"><span class='ocrx_word' id='word_1_249' title='bbox 303 3722 405 3771; x_wconf 84' lang='lat' dir='ltr'>cini</span> <span class='ocrx_word' id='word_1_250' title='bbox 440 3719 728 3777; x_wconf 87' lang='lat' dir='ltr'>deditione,</span> <span class='ocrx_word' id='word_1_251' title='bbox 758 3721 845 3784; x_wconf 89' lang='lat' dir='ltr'>qui</span> <span class='ocrx_word' id='word_1_252' title='bbox 879 3735 1062 3785; x_wconf 77' lang='lat' dir='ltr'>pacem</span> <span class='ocrx_word' id='word_1_253' title='bbox 1098 3734 1215 3769; x_wconf 86' lang='lat' dir='ltr'>cum</span> <span class='ocrx_word' id='word_1_254' title='bbox 1253 3721 1369 3771; x_wconf 90' lang='lat' dir='ltr'>Nn-</span> 
     </span>
     <span class='ocr_line' id='line_1_45' title="bbox 301 3796 1366 3862; baseline 0.001 -14"><span class='ocrx_word' id='word_1_255' title='bbox 301 3799 541 3848; x_wconf 80' lang='lat' dir='ltr'>mantinis</span> <span class='ocrx_word' id='word_1_256' title='bbox 574 3796 773 3852; x_wconf 82' lang='lat' dir='ltr'>fecerat</span> <span class='ocrx_word' id='word_1_257' title='bbox 810 3798 1003 3862; x_wconf 87' lang='lat' dir='ltr'>injussu</span> <span class='ocrx_word' id='word_1_258' title='bbox 1037 3797 1093 3847; x_wconf 87' lang='lat' dir='ltr'>S.</span> <span class='ocrx_word' id='word_1_259' title='bbox 1116 3798 1179 3847; x_wconf 88' lang='lat' dir='ltr'>P.</span> <span class='ocrx_word' id='word_1_260' title='bbox 1205 3799 1274 3850; x_wconf 86' lang='lat' dir='ltr'>Q.</span> <span class='ocrx_word' id='word_1_261' title='bbox 1300 3799 1366 3849; x_wconf 80' lang='lat' dir='ltr'>R.</span> 
     </span>
     <span class='ocr_line' id='line_1_46' title="bbox 303 3872 1366 3935; baseline -0.001 -12"><span class='ocrx_word' id='word_1_262' title='bbox 303 3876 490 3928; x_wconf 85' lang='lat' dir='ltr'>Cicero</span> <span class='ocrx_word' id='word_1_263' title='bbox 517 3872 623 3924; x_wconf 84' lang='lat' dir='ltr'>Off.</span> <span class='ocrx_word' id='word_1_264' title='bbox 648 3888 734 3924; x_wconf 93' lang='grc' dir='ltr'><strong>ιιι.</strong></span> <span class='ocrx_word' id='word_1_265' title='bbox 759 3878 841 3924; x_wconf 82' lang='grc'>30.</span> <span class='ocrx_word' id='word_1_266' title='bbox 876 3873 893 3901; x_wconf 78' lang='lat'><strong><em>⁶</em></strong></span> <span class='ocrx_word' id='word_1_267' title='bbox 911 3875 988 3924; x_wconf 92' lang='lat' dir='ltr'>Ut</span> <span class='ocrx_word' id='word_1_268' title='bbox 1014 3874 1366 3935; x_wconf 81' lang='lat' dir='ltr'>Numantinis,</span> 
     </span>
     <span class='ocr_line' id='line_1_47' title="bbox 301 3949 1366 4015; baseline 0.001 -17"><span class='ocrx_word' id='word_1_269' title='bbox 301 3950 605 4015; x_wconf 82' lang='lat' dir='ltr'>quibuscum</span> <span class='ocrx_word' id='word_1_270' title='bbox 649 3950 763 3999; x_wconf 83' lang='lat' dir='ltr'>sine</span> <span class='ocrx_word' id='word_1_271' title='bbox 799 3958 1014 3999; x_wconf 84' lang='lat' dir='ltr'>senatus</span> <span class='ocrx_word' id='word_1_272' title='bbox 1053 3949 1366 3999; x_wconf 83' lang='lat' dir='ltr'>anctoritate</span> 
     </span>
     <span class='ocr_line' id='line_1_48' title="bbox 300 4025 1366 4091; baseline 0.001 -14"><span class='ocrx_word' id='word_1_273' title='bbox 300 4025 463 4078; x_wconf 82' lang='lat' dir='ltr'>foedns</span> <span class='ocrx_word' id='word_1_274' title='bbox 507 4026 731 4091; x_wconf 84' lang='lat' dir='ltr'>fecerat,</span> <span class='ocrx_word' id='word_1_275' title='bbox 775 4027 1110 4078; x_wconf 75' lang='lat' dir='ltr'>dedereturz’</span> <span class='ocrx_word' id='word_1_276' title='bbox 1160 4035 1215 4078; x_wconf 91' lang='lat' dir='ltr'>et</span> <span class='ocrx_word' id='word_1_277' title='bbox 1259 4030 1366 4078; x_wconf 86' lang='lat' dir='ltr'>En-</span> 
     </span>
     <span class='ocr_line' id='line_1_49' title="bbox 303 4104 1364 4172; baseline -0.003 -15"><span class='ocrx_word' id='word_1_278' title='bbox 303 4114 437 4172; x_wconf 88' lang='lat' dir='ltr'>trop.</span> <span class='ocrx_word' id='word_1_279' title='bbox 461 4120 541 4156; x_wconf 74' lang='lat' dir='ltr'>lv.</span> <span class='ocrx_word' id='word_1_280' title='bbox 565 4109 647 4154; x_wconf 90' lang='grc'>17.</span> <span class='ocrx_word' id='word_1_281' title='bbox 681 4111 697 4133; x_wconf 86' lang='lat'>‘</span> <span class='ocrx_word' id='word_1_282' title='bbox 719 4104 796 4154; x_wconf 86' lang='lat' dir='ltr'>Ut</span> <span class='ocrx_word' id='word_1_283' title='bbox 836 4106 887 4153; x_wconf 89' lang='lat' dir='ltr'>in</span> <span class='ocrx_word' id='word_1_284' title='bbox 923 4105 1032 4161; x_wconf 82' lang='lat' dir='ltr'>illo,</span> <span class='ocrx_word' id='word_1_285' title='bbox 1067 4120 1221 4170; x_wconf 87' lang='lat' dir='ltr'>quem</span> <span class='ocrx_word' id='word_1_286' title='bbox 1242 4119 1364 4154; x_wconf 86' lang='lat' dir='ltr'>auc-</span> 
     </span>
     <span class='ocr_line' id='line_1_50' title="bbox 304 4180 1364 4243; baseline -0.002 -9"><span class='ocrx_word' id='word_1_287' title='bbox 304 4191 467 4234; x_wconf 87' lang='lat' dir='ltr'>torem</span> <span class='ocrx_word' id='word_1_288' title='bbox 523 4180 737 4233; x_wconf 81' lang='lat' dir='ltr'>t&#39;oederis</span> <span class='ocrx_word' id='word_1_289' title='bbox 794 4181 1075 4241; x_wconf 80' lang='lat' dir='ltr'>habebant,</span> <span class='ocrx_word' id='word_1_290' title='bbox 1126 4182 1364 4243; x_wconf 87' lang='lat' dir='ltr'>injuriam</span> 
     </span>
     <span class='ocr_line' id='line_1_51' title="bbox 300 4250 1363 4323; baseline -0.003 -11"><span class='ocrx_word' id='word_1_291' title='bbox 300 4261 456 4312; x_wconf 85' lang='lat' dir='ltr'>soluti</span> <span class='ocrx_word' id='word_1_292' title='bbox 479 4258 691 4312; x_wconf 78' lang='lat' dir='ltr'>foederis</span> <span class='ocrx_word' id='word_1_293' title='bbox 722 4250 1088 4310; x_wconf 55' lang='lat' dir='ltr'>vindicarent?</span> <span class='ocrx_word' id='word_1_294' title='bbox 1156 4257 1363 4323; x_wconf 79' lang='lat' dir='ltr'>Augus-</span> 
     </span>
    </p>
   </div>
   <div class='ocr_carea' id='block_1_3' title="bbox 2400 345 2532 412">
    <p class='ocr_par' dir='ltr' id='par_1_5' title="bbox 2400 345 2532 412">
     <span class='ocr_line' id='line_1_52' title="bbox 2400 345 2532 412; baseline 0 0"><span class='ocrx_word' id='word_1_295' title='bbox 2400 345 2532 412; x_wconf 81' lang='lat'>567</span> 
     </span>
    </p>
   </div>
   <div class='ocr_carea' id='block_1_4' title="bbox 1458 501 2596 1701">
    <p class='ocr_par' dir='ltr' id='par_1_6' title="bbox 1458 501 2596 1701">
     <span class='ocr_line' id='line_1_53' title="bbox 1469 501 2533 562; baseline 0.002 -9"><span class='ocrx_word' id='word_1_296' title='bbox 1469 501 1565 553; x_wconf 90' lang='lat' dir='ltr'>tin.</span> <span class='ocrx_word' id='word_1_297' title='bbox 1601 502 1669 553; x_wconf 84' lang='lat' dir='ltr'>de</span> <span class='ocrx_word' id='word_1_298' title='bbox 1703 502 1816 552; x_wconf 75' lang='lat' dir='ltr'>Cir.</span> <span class='ocrx_word' id='word_1_299' title='bbox 1851 503 1952 552; x_wconf 89' lang='lat' dir='ltr'>Dei</span> <span class='ocrx_word' id='word_1_300' title='bbox 1985 516 2071 552; x_wconf 85' lang='lat' dir='ltr'>nr.</span> <span class='ocrx_word' id='word_1_301' title='bbox 2093 507 2177 555; x_wconf 75' lang='lat'>21.</span> <span class='ocrx_word' id='word_1_302' title='bbox 2209 503 2227 533; x_wconf 85' lang='lat'>‘</span> <span class='ocrx_word' id='word_1_303' title='bbox 2256 504 2533 562; x_wconf 82' lang='lat' dir='ltr'>Numanti·</span> 
     </span>
     <span class='ocr_line' id='line_1_54' title="bbox 1467 578 2531 644; baseline 0.003 -16"><span class='ocrx_word' id='word_1_304' title='bbox 1467 594 1586 629; x_wconf 88' lang='lat' dir='ltr'>num</span> <span class='ocrx_word' id='word_1_305' title='bbox 1607 578 1773 628; x_wconf 84' lang='lat' dir='ltr'>foedus</span> <span class='ocrx_word' id='word_1_306' title='bbox 1789 579 2337 644; x_wconf 80' lang='lat' dir='ltr'>horrendaignominis</span> <span class='ocrx_word' id='word_1_307' title='bbox 2357 596 2531 631; x_wconf 84' lang='lat' dir='ltr'>macu-</span> 
     </span>
     <span class='ocr_line' id='line_1_55' title="bbox 1465 655 2566 722; baseline 0.003 -16"><span class='ocrx_word' id='word_1_308' title='bbox 1465 655 1671 706; x_wconf 84' lang='lat' dir='ltr'>losum.&#39;</span> <span class='ocrx_word' id='word_1_309' title='bbox 1704 657 1820 706; x_wconf 81' lang='lat' dir='ltr'>Val&#39;.</span> <span class='ocrx_word' id='word_1_310' title='bbox 1840 658 1985 707; x_wconf 81' lang='lat' dir='ltr'>Max.</span> <span class='ocrx_word' id='word_1_311' title='bbox 2008 670 2050 706; x_wconf 88' lang='lat'>1.</span> <span class='ocrx_word' id='word_1_312' title='bbox 2066 661 2117 706; x_wconf 80' lang='lat'>6.</span> <span class='ocrx_word' id='word_1_313' title='bbox 2138 671 2223 705; x_wconf 84' lang='lat' dir='ltr'>ex.</span> <span class='ocrx_word' id='word_1_314' title='bbox 2247 662 2295 708; x_wconf 87' lang='grc'>7.</span> <span class='ocrx_word' id='word_1_315' title='bbox 2328 658 2531 722; x_wconf 84' lang='lat' dir='ltr'>‘Turpi</span> <span class='ocrx_word' id='word_1_316' title='bbox 2563 673 2566 678; x_wconf 63' lang='lat'><strong>⁴</strong></span> 
     </span>
     <span class='ocr_line' id='line_1_56' title="bbox 1466 731 2535 797; baseline 0 -15"><span class='ocrx_word' id='word_1_317' title='bbox 1466 731 1687 797; x_wconf 81' lang='lat' dir='ltr'>foedere,</span> <span class='ocrx_word' id='word_1_318' title='bbox 1709 732 1975 783; x_wconf 86' lang='lat' dir='ltr'>deditione</span> <span class='ocrx_word' id='word_1_319' title='bbox 2007 732 2216 782; x_wconf 85' lang='lat' dir='ltr'>funesta</span> <span class='ocrx_word' id='word_1_320' title='bbox 2239 732 2273 780; x_wconf 72' lang='grc' dir='ltr'>ε’</span> <span class='ocrx_word' id='word_1_321' title='bbox 2306 739 2359 782; x_wconf 89' lang='lat' dir='ltr'>et</span> <span class='ocrx_word' id='word_1_322' title='bbox 2389 748 2452 783; x_wconf 88' lang='grc' dir='ltr'>ιι.</span> <span class='ocrx_word' id='word_1_323' title='bbox 2483 739 2535 785; x_wconf 75' lang='grc'>7.</span> 
     </span>
     <span class='ocr_line' id='line_1_57' title="bbox 1465 808 2535 872; baseline 0.002 -14"><span class='ocrx_word' id='word_1_324' title='bbox 1465 823 1549 858; x_wconf 78' lang='lat' dir='ltr'>ex.</span> <span class='ocrx_word' id='word_1_325' title='bbox 1586 813 1633 859; x_wconf 90' lang='lat'>1.</span> <span class='ocrx_word' id='word_1_326' title='bbox 1698 808 1898 859; x_wconf 86' lang='lat' dir='ltr'>Eodem</span> <span class='ocrx_word' id='word_1_327' title='bbox 1943 808 2097 860; x_wconf 87' lang='lat' dir='ltr'>modo</span> <span class='ocrx_word' id='word_1_328' title='bbox 2141 809 2277 872; x_wconf 88' lang='lat' dir='ltr'>apud</span> <span class='ocrx_word' id='word_1_329' title='bbox 2319 810 2535 861; x_wconf 84' lang='lat' dir='ltr'>Sallust.</span> 
     </span>
     <span class='ocr_line' id='line_1_58' title="bbox 1463 885 2534 950; baseline -0.001 -12"><span class='ocrx_word' id='word_1_330' title='bbox 1463 886 1592 947; x_wconf 74' lang='lat' dir='ltr'>Jng.</span> <span class='ocrx_word' id='word_1_331' title='bbox 1615 900 1660 934; x_wconf 88' lang='lat' dir='ltr'>c.</span> <span class='ocrx_word' id='word_1_332' title='bbox 1683 890 1766 936; x_wconf 89' lang='grc'>38.</span> <span class='ocrx_word' id='word_1_333' title='bbox 1802 888 1829 950; x_wconf 80' lang='lat'>§</span> <span class='ocrx_word' id='word_1_334' title='bbox 1852 889 1903 934; x_wconf 77' lang='lat'>2.</span> <span class='ocrx_word' id='word_1_335' title='bbox 1940 893 1956 915; x_wconf 87' lang='lat'>‘</span> <span class='ocrx_word' id='word_1_336' title='bbox 1980 886 2036 936; x_wconf 92' lang='lat' dir='ltr'>Si</span> <span class='ocrx_word' id='word_1_337' title='bbox 2060 900 2234 936; x_wconf 79' lang='lat' dir='ltr'>secum</span> <span class='ocrx_word' id='word_1_338' title='bbox 2268 885 2534 937; x_wconf 74' lang='lat' dir='ltr'>fredus‘fa-</span> 
     </span>
     <span class='ocr_line' id='line_1_59' title="bbox 1464 962 2531 1027; baseline 0.001 -16"><span class='ocrx_word' id='word_1_339' title='bbox 1464 969 1634 1023; x_wconf 87' lang='lat' dir='ltr'>ceret,</span> <span class='ocrx_word' id='word_1_340' title='bbox 1677 962 1956 1012; x_wconf 83' lang='lat' dir='ltr'>incolumes</span> <span class='ocrx_word' id='word_1_341' title='bbox 1993 977 2170 1013; x_wconf 85' lang='lat' dir='ltr'>omues</span> <span class='ocrx_word' id='word_1_342' title='bbox 2209 963 2307 1012; x_wconf 89' lang='lat' dir='ltr'>snb</span> <span class='ocrx_word' id='word_1_343' title='bbox 2343 964 2531 1027; x_wconf 72' lang='lat' dir='ltr'>jugum</span> 
     </span>
     <span class='ocr_line' id='line_1_60' title="bbox 1462 1036 2531 1102; baseline 0.001 -16"><span class='ocrx_word' id='word_1_344' title='bbox 1462 1038 1733 1088; x_wconf 88' lang='lat' dir='ltr'>missurum</span> <span class='ocrx_word' id='word_1_345' title='bbox 1752 1038 1786 1086; x_wconf 72' lang='grc' dir='ltr'>ε’</span> <span class='ocrx_word' id='word_1_346' title='bbox 1819 1045 1875 1087; x_wconf 90' lang='lat' dir='ltr'>et</span> <span class='ocrx_word' id='word_1_347' title='bbox 1896 1052 1942 1087; x_wconf 83' lang='lat' dir='ltr'>c·</span> <span class='ocrx_word' id='word_1_348' title='bbox 1962 1042 2046 1089; x_wconf 77' lang='grc'>43.</span> <span class='ocrx_word' id='word_1_349' title='bbox 2080 1040 2107 1102; x_wconf 80' lang='lat'>§</span> <span class='ocrx_word' id='word_1_350' title='bbox 2134 1042 2180 1087; x_wconf 90' lang='grc'>1.</span> <span class='ocrx_word' id='word_1_351' title='bbox 2211 1040 2228 1066; x_wconf 77' lang='lat'>⁴</span> <span class='ocrx_word' id='word_1_352' title='bbox 2253 1039 2385 1088; x_wconf 85' lang='lat' dir='ltr'>Post</span> <span class='ocrx_word' id='word_1_353' title='bbox 2409 1036 2531 1087; x_wconf 89' lang='lat' dir='ltr'>Auli</span> 
     </span>
     <span class='ocr_line' id='line_1_61' title="bbox 1463 1112 2529 1180; baseline 0.001 -17"><span class='ocrx_word' id='word_1_354' title='bbox 1463 1112 1635 1164; x_wconf 76' lang='lat' dir='ltr'>fredus</span> <span class='ocrx_word' id='word_1_355' title='bbox 1660 1114 2024 1180; x_wconf 83' lang='lat' dir='ltr'>exercitusque</span> <span class='ocrx_word' id='word_1_356' title='bbox 2046 1114 2206 1163; x_wconf 87' lang='lat' dir='ltr'>nostri</span> <span class='ocrx_word' id='word_1_357' title='bbox 2231 1113 2423 1164; x_wconf 72' lang='lat' dir='ltr'>foedam</span> <span class='ocrx_word' id='word_1_358' title='bbox 2448 1113 2529 1164; x_wconf 86' lang='lat' dir='ltr'>fn-</span> 
     </span>
     <span class='ocr_line' id='line_1_62' title="bbox 1462 1190 2527 1254; baseline 0 -15"><span class='ocrx_word' id='word_1_359' title='bbox 1462 1190 1615 1253; x_wconf 75' lang='lat' dir='ltr'>gam.&#39;</span> <span class='ocrx_word' id='word_1_360' title='bbox 1658 1190 1856 1241; x_wconf 82' lang='lat' dir='ltr'>Confer</span> <span class='ocrx_word' id='word_1_361' title='bbox 1879 1192 1996 1241; x_wconf 83' lang='lat' dir='ltr'>Liv·</span> <span class='ocrx_word' id='word_1_362' title='bbox 2016 1191 2106 1240; x_wconf 90' lang='lat' dir='ltr'>lib.</span> <span class='ocrx_word' id='word_1_363' title='bbox 2130 1203 2253 1240; x_wconf 84' lang='lat' dir='ltr'><strong>xxl.</strong></span> <span class='ocrx_word' id='word_1_364' title='bbox 2276 1205 2428 1254; x_wconf 77' lang='lat' dir='ltr'>capp·</span> <span class='ocrx_word' id='word_1_365' title='bbox 2447 1194 2527 1241; x_wconf 83' lang='lat'>18.</span> 
     </span>
     <span class='ocr_line' id='line_1_63' title="bbox 1461 1266 2596 1331; baseline -0.001 -14"><span class='ocrx_word' id='word_1_366' title='bbox 1461 1275 1517 1317; x_wconf 92' lang='lat' dir='ltr'>et</span> <span class='ocrx_word' id='word_1_367' title='bbox 1540 1272 1619 1319; x_wconf 82' lang='grc'>19.</span> <span class='ocrx_word' id='word_1_368' title='bbox 1655 1270 1723 1318; x_wconf 83' lang='lat' dir='ltr'>Et</span> <span class='ocrx_word' id='word_1_369' title='bbox 1747 1274 1806 1318; x_wconf 90' lang='lat' dir='ltr'>ut</span> <span class='ocrx_word' id='word_1_370' title='bbox 1828 1269 2041 1331; x_wconf 88' lang='lat' dir='ltr'>propius</span> <span class='ocrx_word' id='word_1_371' title='bbox 2064 1266 2392 1329; x_wconf 79' lang='lat' dir='ltr'>secedamus,</span> <span class='ocrx_word' id='word_1_372' title='bbox 2414 1268 2529 1329; x_wconf 84' lang='lat' dir='ltr'>ipsa</span> <span class='ocrx_word' id='word_1_373' title='bbox 2591 1327 2596 1330; x_wconf 22' lang='lat'>¹</span> 
     </span>
     <span class='ocr_line' id='line_1_64' title="bbox 1460 1342 2529 1407; baseline -0.001 -15"><span class='ocrx_word' id='word_1_374' title='bbox 1460 1345 1548 1393; x_wconf 83' lang='lat' dir='ltr'>ilis</span> <span class='ocrx_word' id='word_1_375' title='bbox 1586 1344 1760 1407; x_wconf 83' lang='lat' dir='ltr'>pactio</span> <span class='ocrx_word' id='word_1_376' title='bbox 1793 1359 1909 1393; x_wconf 89' lang='lat' dir='ltr'>cnm</span> <span class='ocrx_word' id='word_1_377' title='bbox 1943 1344 2261 1393; x_wconf 83' lang='lat' dir='ltr'>Samnitibus</span> <span class='ocrx_word' id='word_1_378' title='bbox 2284 1343 2412 1392; x_wconf 84' lang='lat' dir='ltr'>inita</span> <span class='ocrx_word' id='word_1_379' title='bbox 2435 1342 2529 1392; x_wconf 81' lang='lat' dir='ltr'>foe·</span> 
     </span>
     <span class='ocr_line' id='line_1_65' title="bbox 1459 1419 2531 1484; baseline 0.001 -15"><span class='ocrx_word' id='word_1_380' title='bbox 1459 1420 1556 1469; x_wconf 89' lang='lat' dir='ltr'>dus</span> <span class='ocrx_word' id='word_1_381' title='bbox 1591 1420 1903 1484; x_wconf 75' lang='lat' dir='ltr'>appellatur.</span> <span class='ocrx_word' id='word_1_382' title='bbox 1971 1419 2155 1468; x_wconf 88' lang='lat' dir='ltr'>Florus</span> <span class='ocrx_word' id='word_1_383' title='bbox 2191 1433 2258 1469; x_wconf 88' lang='grc' dir='ltr'>ιι.</span> <span class='ocrx_word' id='word_1_384' title='bbox 2294 1422 2375 1469; x_wconf 85' lang='grc'>18.</span> <span class='ocrx_word' id='word_1_385' title='bbox 2413 1421 2440 1483; x_wconf 80' lang='lat'>§</span> <span class='ocrx_word' id='word_1_386' title='bbox 2478 1423 2531 1470; x_wconf 86' lang='grc'>7.</span> 
     </span>
     <span class='ocr_line' id='line_1_66' title="bbox 1458 1496 2527 1561; baseline -0.001 -14"><span class='ocrx_word' id='word_1_387' title='bbox 1458 1499 1475 1526; x_wconf 82' lang='lat'><strong><em>⁴</em></strong></span> <span class='ocrx_word' id='word_1_388' title='bbox 1499 1498 1620 1547; x_wconf 91' lang='lat' dir='ltr'>Non</span> <span class='ocrx_word' id='word_1_389' title='bbox 1659 1498 1825 1547; x_wconf 91' lang='lat' dir='ltr'>minus</span> <span class='ocrx_word' id='word_1_390' title='bbox 1862 1496 2186 1554; x_wconf 82' lang='lat' dir='ltr'>Numantini,</span> <span class='ocrx_word' id='word_1_391' title='bbox 2214 1512 2365 1561; x_wconf 71' lang='lat' dir='ltr'>quiam</span> <span class='ocrx_word' id='word_1_392' title='bbox 2389 1498 2527 1547; x_wconf 75' lang='lat' dir='ltr'>Cen·</span> 
     </span>
     <span class='ocr_line' id='line_1_67' title="bbox 1459 1572 2525 1638; baseline 0 -15"><span class='ocrx_word' id='word_1_393' title='bbox 1459 1574 1566 1624; x_wconf 92' lang='lat' dir='ltr'>dini</span> <span class='ocrx_word' id='word_1_394' title='bbox 1610 1575 1746 1623; x_wconf 88' lang='lat' dir='ltr'>iliius</span> <span class='ocrx_word' id='word_1_395' title='bbox 1785 1573 2000 1626; x_wconf 86' lang='lat' dir='ltr'>foederis</span> <span class='ocrx_word' id='word_1_396' title='bbox 2040 1572 2269 1638; x_wconf 78' lang='lat' dir='ltr'>flagrans</span> <span class='ocrx_word' id='word_1_397' title='bbox 2307 1574 2525 1637; x_wconf 82' lang='lat' dir='ltr'>ignomi-</span> 
     </span>
     <span class='ocr_line' id='line_1_68' title="bbox 1458 1643 2524 1701; baseline 0.001 -2"><span class='ocrx_word' id='word_1_398' title='bbox 1458 1650 1580 1699; x_wconf 85' lang='lat' dir='ltr'>nia.&#39;</span> <span class='ocrx_word' id='word_1_399' title='bbox 1612 1643 1774 1700; x_wconf 78' lang='lat' dir='ltr'>Rutil.</span> <span class='ocrx_word' id='word_1_400' title='bbox 1795 1651 1922 1701; x_wconf 83' lang='lat' dir='ltr'>Itin.</span> <span class='ocrx_word' id='word_1_401' title='bbox 1944 1664 1985 1699; x_wconf 86' lang='lat'>1.</span> <span class='ocrx_word' id='word_1_402' title='bbox 2012 1655 2125 1701; x_wconf 83' lang='lat'><strong>126.</strong></span> <span class='ocrx_word' id='word_1_403' title='bbox 2155 1650 2170 1677; x_wconf 87' lang='lat'>‘</span> <span class='ocrx_word' id='word_1_404' title='bbox 2189 1651 2394 1700; x_wconf 82' lang='lat' dir='ltr'>Samnis</span> <span class='ocrx_word' id='word_1_405' title='bbox 2417 1666 2524 1700; x_wconf 87' lang='lat' dir='ltr'>ser-</span> 
     </span>
    </p>
   </div>
   <div class='ocr_carea' id='block_1_5' title="bbox 1455 1725 2638 1790">
    <p class='ocr_par' dir='ltr' id='par_1_7' title="bbox 1455 1725 2638 1790">
     <span class='ocr_line' id='line_1_69' title="bbox 1455 1725 2638 1790; baseline 0 -13"><span class='ocrx_word' id='word_1_406' title='bbox 1455 1729 1584 1778; x_wconf 74' lang='lat' dir='ltr'>vitio</span> <span class='ocrx_word' id='word_1_407' title='bbox 1604 1727 1803 1778; x_wconf 81' lang='lat' dir='ltr'>foedera</span> <span class='ocrx_word' id='word_1_408' title='bbox 1826 1742 1970 1777; x_wconf 81' lang='lat' dir='ltr'>soeva</span> <span class='ocrx_word' id='word_1_409' title='bbox 1991 1727 2121 1778; x_wconf 65' lang='lat' dir='ltr'>luit!</span> <span class='ocrx_word' id='word_1_410' title='bbox 2154 1725 2432 1790; x_wconf 81' lang='lat' dir='ltr'>Augustin.</span> <span class='ocrx_word' id='word_1_411' title='bbox 2457 1727 2525 1777; x_wconf 88' lang='lat' dir='ltr'>de</span> <span class='ocrx_word' id='word_1_412' title='bbox 2631 1731 2638 1735; x_wconf 83' lang='grc'><strong>’</strong></span> 
     </span>
    </p>
   </div>
   <div class='ocr_carea' id='block_1_6' title="bbox 1437 1804 2576 4321">
    <p class='ocr_par' dir='ltr' id='par_1_8' title="bbox 1447 1804 2525 3242">
     <span class='ocr_line' id='line_1_70' title="bbox 1454 1804 2525 1857; baseline -0.003 -1"><span class='ocrx_word' id='word_1_413' title='bbox 1454 1806 1572 1856; x_wconf 70' lang='lat' dir='ltr'>Cir.</span> <span class='ocrx_word' id='word_1_414' title='bbox 1598 1805 1704 1855; x_wconf 90' lang='lat' dir='ltr'>Dei</span> <span class='ocrx_word' id='word_1_415' title='bbox 1728 1818 1819 1855; x_wconf 84' lang='grc' dir='ltr'><strong>ιιι.</strong></span> <span class='ocrx_word' id='word_1_416' title='bbox 1845 1810 1923 1856; x_wconf 90' lang='grc'>17.</span> <span class='ocrx_word' id='word_1_417' title='bbox 1967 1811 1983 1834; x_wconf 86' lang='lat'>‘</span> <span class='ocrx_word' id='word_1_418' title='bbox 2010 1805 2233 1857; x_wconf 81' lang='lat' dir='ltr'>Quando</span> <span class='ocrx_word' id='word_1_419' title='bbox 2258 1806 2309 1853; x_wconf 88' lang='lat' dir='ltr'>in</span> <span class='ocrx_word' id='word_1_420' title='bbox 2335 1804 2525 1854; x_wconf 84' lang='lat' dir='ltr'>Candi-</span> 
     </span>
     <span class='ocr_line' id='line_1_71' title="bbox 1451 1880 2524 1931; baseline 0 0"><span class='ocrx_word' id='word_1_421' title='bbox 1451 1896 1544 1931; x_wconf 84' lang='lat' dir='ltr'>nas</span> <span class='ocrx_word' id='word_1_422' title='bbox 1567 1880 1736 1931; x_wconf 82' lang='lat' dir='ltr'>furcas</span> <span class='ocrx_word' id='word_1_423' title='bbox 1761 1896 1793 1930; x_wconf 87' lang='lat' dir='ltr'>a</span> <span class='ocrx_word' id='word_1_424' title='bbox 1814 1881 2129 1931; x_wconf 85' lang='lat' dir='ltr'>Samnitibus</span> <span class='ocrx_word' id='word_1_425' title='bbox 2150 1880 2345 1930; x_wconf 86' lang='lat' dir='ltr'>obsessi</span> <span class='ocrx_word' id='word_1_426' title='bbox 2371 1882 2524 1931; x_wconf 88' lang='lat' dir='ltr'>ambo</span> 
     </span>
     <span class='ocr_line' id='line_1_72' title="bbox 1452 1956 2522 2009; baseline 0 -1"><span class='ocrx_word' id='word_1_427' title='bbox 1452 1971 1571 2009; x_wconf 86' lang='lat' dir='ltr'>enm</span> <span class='ocrx_word' id='word_1_428' title='bbox 1614 1959 1852 2008; x_wconf 81' lang='lat' dir='ltr'>exercitu</span> <span class='ocrx_word' id='word_1_429' title='bbox 1894 1958 2040 2008; x_wconf 87' lang='lat' dir='ltr'>Coss.</span> <span class='ocrx_word' id='word_1_430' title='bbox 2083 1956 2256 2007; x_wconf 82' lang='lat' dir='ltr'>foedus</span> <span class='ocrx_word' id='word_1_431' title='bbox 2299 1972 2413 2007; x_wconf 88' lang='lat' dir='ltr'>cum</span> <span class='ocrx_word' id='word_1_432' title='bbox 2458 1959 2522 2008; x_wconf 89' lang='lat' dir='ltr'>iis</span> 
     </span>
     <span class='ocr_line' id='line_1_73' title="bbox 1450 2033 2524 2097; baseline -0.003 -11"><span class='ocrx_word' id='word_1_433' title='bbox 1450 2035 1645 2086; x_wconf 81' lang='lat' dir='ltr'>foedum</span> <span class='ocrx_word' id='word_1_434' title='bbox 1670 2035 1843 2085; x_wconf 85' lang='lat' dir='ltr'>facere</span> <span class='ocrx_word' id='word_1_435' title='bbox 1868 2034 2037 2084; x_wconf 84' lang='lat' dir='ltr'>coacti</span> <span class='ocrx_word' id='word_1_436' title='bbox 2062 2033 2215 2083; x_wconf 87' lang='lat' dir='ltr'>sunt.’</span> <span class='ocrx_word' id='word_1_437' title='bbox 2269 2033 2524 2097; x_wconf 81' lang='lat' dir='ltr'>Adeoque</span> 
     </span>
     <span class='ocr_line' id='line_1_74' title="bbox 1450 2112 2522 2174; baseline -0.005 -9"><span class='ocrx_word' id='word_1_438' title='bbox 1450 2114 1709 2174; x_wconf 78' lang='lat' dir='ltr'>exsoedere</span> <span class='ocrx_word' id='word_1_439' title='bbox 1732 2114 1868 2163; x_wconf 87' lang='lat' dir='ltr'>idem</span> <span class='ocrx_word' id='word_1_440' title='bbox 1892 2114 1991 2162; x_wconf 87' lang='lat' dir='ltr'>erit</span> <span class='ocrx_word' id='word_1_441' title='bbox 2014 2128 2074 2163; x_wconf 91' lang='lat' dir='ltr'>ac</span> <span class='ocrx_word' id='word_1_442' title='bbox 2097 2113 2137 2161; x_wconf 89' lang='lat' dir='ltr'>si</span> <span class='ocrx_word' id='word_1_443' title='bbox 2162 2112 2382 2160; x_wconf 80' lang='lat' dir='ltr'>dixisset</span> <span class='ocrx_word' id='word_1_444' title='bbox 2414 2114 2430 2139; x_wconf 89' lang='lat'>‘</span> <span class='ocrx_word' id='word_1_445' title='bbox 2454 2127 2522 2161; x_wconf 79' lang='lat' dir='ltr'>ex</span> 
     </span>
     <span class='ocr_line' id='line_1_75' title="bbox 1450 2189 2521 2256; baseline -0.005 -15"><span class='ocrx_word' id='word_1_446' title='bbox 1450 2189 1765 2256; x_wconf 75' lang='lat' dir='ltr'>sponsione,’</span> <span class='ocrx_word' id='word_1_447' title='bbox 1778 2206 1843 2239; x_wconf 82' lang='lat' dir='ltr'>ex</span> <span class='ocrx_word' id='word_1_448' title='bbox 1863 2189 2062 2254; x_wconf 82' lang='lat' dir='ltr'>legibus</span> <span class='ocrx_word' id='word_1_449' title='bbox 2084 2189 2248 2250; x_wconf 82' lang='lat' dir='ltr'>pacis,</span> <span class='ocrx_word' id='word_1_450' title='bbox 2265 2202 2380 2252; x_wconf 81' lang='lat' dir='ltr'>quae</span> <span class='ocrx_word' id='word_1_451' title='bbox 2400 2203 2521 2238; x_wconf 88' lang='lat' dir='ltr'>con·</span> 
     </span>
     <span class='ocr_line' id='line_1_76' title="bbox 1454 2264 2522 2330; baseline -0.001 -15"><span class='ocrx_word' id='word_1_452' title='bbox 1454 2276 1669 2316; x_wconf 84' lang='lat' dir='ltr'>venerat</span> <span class='ocrx_word' id='word_1_453' title='bbox 1705 2267 1847 2317; x_wconf 89' lang='lat' dir='ltr'>inter</span> <span class='ocrx_word' id='word_1_454' title='bbox 1879 2281 1987 2316; x_wconf 88' lang='lat' dir='ltr'>eos.</span> <span class='ocrx_word' id='word_1_455' title='bbox 2055 2267 2125 2315; x_wconf 91' lang='lat' dir='ltr'>Et</span> <span class='ocrx_word' id='word_1_456' title='bbox 2155 2264 2297 2330; x_wconf 87' lang='lat' dir='ltr'>quid,</span> <span class='ocrx_word' id='word_1_457' title='bbox 2332 2265 2376 2314; x_wconf 88' lang='lat' dir='ltr'>si</span> <span class='ocrx_word' id='word_1_458' title='bbox 2410 2266 2522 2314; x_wconf 85' lang='lat' dir='ltr'>vul·</span> 
     </span>
     <span class='ocr_line' id='line_1_77' title="bbox 1452 2337 2520 2406; baseline -0.003 -13"><span class='ocrx_word' id='word_1_459' title='bbox 1452 2359 1626 2405; x_wconf 69' lang='lat' dir='ltr'>garem</span> <span class='ocrx_word' id='word_1_460' title='bbox 1668 2344 1963 2406; x_wconf 80' lang='lat' dir='ltr'>opinionem</span> <span class='ocrx_word' id='word_1_461' title='bbox 2000 2348 2209 2391; x_wconf 87' lang='lat' dir='ltr'>secutus</span> <span class='ocrx_word' id='word_1_462' title='bbox 2244 2341 2312 2390; x_wconf 84' lang='lat' dir='ltr'>sit</span> <span class='ocrx_word' id='word_1_463' title='bbox 2341 2337 2520 2390; x_wconf 78' lang='lat' dir='ltr'>&#39;Aure-</span> 
     </span>
     <span class='ocr_line' id='line_1_78' title="bbox 1450 2418 2520 2482; baseline -0.004 -13"><span class='ocrx_word' id='word_1_464' title='bbox 1450 2421 1569 2482; x_wconf 91' lang='lat' dir='ltr'>lius,</span> <span class='ocrx_word' id='word_1_465' title='bbox 1602 2435 1719 2469; x_wconf 89' lang='lat' dir='ltr'>cnm</span> <span class='ocrx_word' id='word_1_466' title='bbox 1758 2420 1934 2470; x_wconf 86' lang='lat' dir='ltr'>tradat</span> <span class='ocrx_word' id='word_1_467' title='bbox 1968 2418 2147 2468; x_wconf 75' lang='lat' dir='ltr'>Livius</span> <span class='ocrx_word' id='word_1_468' title='bbox 2181 2432 2264 2467; x_wconf 79' lang='lat' dir='ltr'>lx.</span> <span class='ocrx_word' id='word_1_469' title='bbox 2286 2424 2337 2467; x_wconf 89' lang='grc'>6.</span> <span class='ocrx_word' id='word_1_470' title='bbox 2366 2419 2520 2479; x_wconf 82' lang='lat' dir='ltr'>vulgo</span> 
     </span>
     <span class='ocr_line' id='line_1_79' title="bbox 1450 2492 2520 2548; baseline -0.006 -1"><span class='ocrx_word' id='word_1_471' title='bbox 1450 2498 1600 2548; x_wconf 88' lang='lat' dir='ltr'>credi</span> <span class='ocrx_word' id='word_1_472' title='bbox 1634 2505 1688 2546; x_wconf 79' lang='lat' dir='ltr'>et</span> <span class='ocrx_word' id='word_1_473' title='bbox 1724 2511 1756 2546; x_wconf 84' lang='lat' dir='ltr'>a</span> <span class='ocrx_word' id='word_1_474' title='bbox 1792 2495 2010 2546; x_wconf 80' lang='lat' dir='ltr'>Claudio</span> <span class='ocrx_word' id='word_1_475' title='bbox 2043 2493 2283 2544; x_wconf 82' lang='lat' dir='ltr'>affirmari</span> <span class='ocrx_word' id='word_1_476' title='bbox 2317 2492 2520 2542; x_wconf 81' lang='lat' dir='ltr'>foedere</span> 
     </span>
     <span class='ocr_line' id='line_1_80' title="bbox 1450 2567 2520 2640; baseline -0.004 -15"><span class='ocrx_word' id='word_1_477' title='bbox 1450 2567 1630 2640; x_wconf 84' lang='lat' dir='ltr'>pacem</span> <span class='ocrx_word' id='word_1_478' title='bbox 1650 2576 1939 2626; x_wconf 84' lang='lat' dir='ltr'>Caudinam</span> <span class='ocrx_word' id='word_1_479' title='bbox 1958 2589 2072 2624; x_wconf 80' lang='lat' dir='ltr'>esse</span> <span class='ocrx_word' id='word_1_480' title='bbox 2089 2572 2323 2623; x_wconf 79' lang='lat' dir='ltr'>factam?</span> <span class='ocrx_word' id='word_1_481' title='bbox 2363 2572 2419 2621; x_wconf 91' lang='lat' dir='ltr'>Si</span> <span class='ocrx_word' id='word_1_482' title='bbox 2442 2572 2520 2621; x_wconf 76' lang='lat' dir='ltr'>ita</span> 
     </span>
     <span class='ocr_line' id='line_1_81' title="bbox 1448 2649 2519 2712; baseline -0.007 -8"><span class='ocrx_word' id='word_1_483' title='bbox 1448 2662 1691 2704; x_wconf 78' lang='lat' dir='ltr'>accurate</span> <span class='ocrx_word' id='word_1_484' title='bbox 1723 2654 1890 2702; x_wconf 83' lang='lat' dir='ltr'>omnia</span> <span class='ocrx_word' id='word_1_485' title='bbox 1919 2652 2164 2701; x_wconf 86' lang='lat' dir='ltr'>vellemus</span> <span class='ocrx_word' id='word_1_486' title='bbox 2200 2649 2519 2712; x_wconf 82' lang='lat' dir='ltr'>examinare,-</span> 
     </span>
     <span class='ocr_line' id='line_1_82' title="bbox 1448 2727 2518 2792; baseline -0.006 -11"><span class='ocrx_word' id='word_1_487' title='bbox 1448 2740 1504 2781; x_wconf 89' lang='lat' dir='ltr'>et</span> <span class='ocrx_word' id='word_1_488' title='bbox 1528 2737 1795 2792; x_wconf 80' lang='lat' dir='ltr'>excutere,</span> <span class='ocrx_word' id='word_1_489' title='bbox 1817 2730 1979 2778; x_wconf 90' lang='lat' dir='ltr'>multo</span> <span class='ocrx_word' id='word_1_490' title='bbox 1997 2729 2161 2778; x_wconf 89' lang='lat' dir='ltr'>minus</span> <span class='ocrx_word' id='word_1_491' title='bbox 2179 2727 2381 2775; x_wconf 81' lang='lat' dir='ltr'>Schotti</span> <span class='ocrx_word' id='word_1_492' title='bbox 2405 2727 2518 2775; x_wconf 80' lang='lat' dir='ltr'>baee</span> 
     </span>
     <span class='ocr_line' id='line_1_83' title="bbox 1448 2800 2516 2868; baseline -0.007 -11"><span class='ocrx_word' id='word_1_493' title='bbox 1448 2807 1745 2857; x_wconf 84' lang='lat' dir='ltr'>emendatio</span> <span class='ocrx_word' id='word_1_494' title='bbox 1770 2814 1942 2868; x_wconf 88' lang='lat' dir='ltr'>posset</span> <span class='ocrx_word' id='word_1_495' title='bbox 1967 2804 2115 2867; x_wconf 82' lang='lat' dir='ltr'>ferri,</span> <span class='ocrx_word' id='word_1_496' title='bbox 2131 2818 2248 2853; x_wconf 85' lang='lat' dir='ltr'>eum</span> <span class='ocrx_word' id='word_1_497' title='bbox 2268 2810 2326 2852; x_wconf 91' lang='lat' dir='ltr'>nt</span> <span class='ocrx_word' id='word_1_498' title='bbox 2346 2800 2516 2850; x_wconf 83' lang='lat' dir='ltr'>foedns</span> 
     </span>
     <span class='ocr_line' id='line_1_84' title="bbox 1448 2877 2516 2940; baseline -0.007 -7"><span class='ocrx_word' id='word_1_499' title='bbox 1448 2891 1461 2914; x_wconf 75' lang='lat'>⁸</span> <span class='ocrx_word' id='word_1_500' title='bbox 1482 2884 1709 2933; x_wconf 87' lang='lat' dir='ltr'>iceretur</span> <span class='ocrx_word' id='word_1_501' title='bbox 1723 2882 1738 2904; x_wconf 88' lang='lat'>’</span> <span class='ocrx_word' id='word_1_502' title='bbox 1761 2882 1997 2932; x_wconf 84' lang='lat' dir='ltr'>adhiberi</span> <span class='ocrx_word' id='word_1_503' title='bbox 2016 2881 2268 2929; x_wconf 84' lang='lat' dir='ltr'>deberent</span> <span class='ocrx_word' id='word_1_504' title='bbox 2285 2877 2516 2940; x_wconf 87' lang='lat' dir='ltr'>feciales,</span> 
     </span>
     <span class='ocr_line' id='line_1_85' title="bbox 1447 2954 2516 3023; baseline -0.005 -14"><span class='ocrx_word' id='word_1_505' title='bbox 1447 2960 1534 3023; x_wconf 86' lang='lat' dir='ltr'>qui</span> <span class='ocrx_word' id='word_1_506' title='bbox 1561 2971 1775 3022; x_wconf 86' lang='lat' dir='ltr'>porcum</span> <span class='ocrx_word' id='word_1_507' title='bbox 1805 2955 2043 3006; x_wconf 84' lang='lat' dir='ltr'>ferirent.</span> <span class='ocrx_word' id='word_1_508' title='bbox 2108 2954 2271 3018; x_wconf 85' lang='lat' dir='ltr'>Atqui</span> <span class='ocrx_word' id='word_1_509' title='bbox 2302 2955 2411 3003; x_wconf 89' lang='lat' dir='ltr'>sine</span> <span class='ocrx_word' id='word_1_510' title='bbox 2437 2954 2516 3004; x_wconf 85' lang='lat' dir='ltr'>fe··</span> 
     </span>
     <span class='ocr_line' id='line_1_86' title="bbox 1447 3030 2515 3093; baseline -0.005 -8"><span class='ocrx_word' id='word_1_511' title='bbox 1447 3036 1665 3085; x_wconf 86' lang='lat' dir='ltr'>cialibus</span> <span class='ocrx_word' id='word_1_512' title='bbox 1711 3035 1844 3083; x_wconf 81' lang='lat' dir='ltr'>lianc</span> <span class='ocrx_word' id='word_1_513' title='bbox 1893 3048 2000 3082; x_wconf 90' lang='lat' dir='ltr'>rem</span> <span class='ocrx_word' id='word_1_514' title='bbox 2047 3039 2316 3093; x_wconf 84' lang='lat' dir='ltr'>peractam</span> <span class='ocrx_word' id='word_1_515' title='bbox 2350 3030 2515 3080; x_wconf 77' lang='lat' dir='ltr'>fuisse</span> 
     </span>
     <span class='ocr_line' id='line_1_87' title="bbox 1449 3105 2514 3175; baseline -0.005 -14"><span class='ocrx_word' id='word_1_516' title='bbox 1449 3106 1596 3175; x_wconf 82' lang='lat' dir='ltr'>patet</span> <span class='ocrx_word' id='word_1_517' title='bbox 1648 3124 1717 3160; x_wconf 80' lang='lat' dir='ltr'>ex</span> <span class='ocrx_word' id='word_1_518' title='bbox 1769 3108 1951 3159; x_wconf 80' lang='lat' dir='ltr'>eodem</span> <span class='ocrx_word' id='word_1_519' title='bbox 1995 3108 2144 3157; x_wconf 80' lang='lat' dir='ltr'>Livio</span> <span class='ocrx_word' id='word_1_520' title='bbox 2201 3107 2315 3156; x_wconf 88' lang='lat' dir='ltr'>loco</span> <span class='ocrx_word' id='word_1_521' title='bbox 2369 3105 2514 3156; x_wconf 64' lang='lat' dir='ltr'>lauda</span> 
     </span>
     <span class='ocr_line' id='line_1_88' title="bbox 1447 3187 2512 3242; baseline -0.008 0"><span class='ocrx_word' id='word_1_522' title='bbox 1447 3187 1625 3242; x_wconf 66' lang='lat' dir='ltr'>Arutz&#39;.</span> <span class='ocrx_word' id='word_1_523' title='bbox 1669 3204 1675 3210; x_wconf 87' lang='lat'><strong>·</strong></span> <span class='ocrx_word' id='word_1_524' title='bbox 2507 3193 2512 3200; x_wconf 82' lang='grc'><strong><em>’</em></strong></span> 
     </span>
    </p>

    <p class='ocr_par' dir='ltr' id='par_1_9' title="bbox 1444 3252 2514 3404">
     <span class='ocr_line' id='line_1_89' title="bbox 1511 3252 2514 3328; baseline -0.008 -12"><span class='ocrx_word' id='word_1_525' title='bbox 1511 3268 1619 3316; x_wconf 81' lang='lat' dir='ltr'>Nec</span> <span class='ocrx_word' id='word_1_526' title='bbox 1659 3263 1896 3328; x_wconf 73' lang='lat' dir='ltr'>receptus]</span> <span class='ocrx_word' id='word_1_527' title='bbox 1939 3252 2039 3312; x_wconf 67' lang='lat' dir='ltr'>&#39;Est</span> <span class='ocrx_word' id='word_1_528' title='bbox 2076 3261 2134 3310; x_wconf 85' lang='lat' dir='ltr'>in·</span> <span class='ocrx_word' id='word_1_529' title='bbox 2168 3259 2272 3310; x_wconf 83' lang='lat' dir='ltr'>fine</span> <span class='ocrx_word' id='word_1_530' title='bbox 2309 3259 2514 3310; x_wconf 90' lang='lat' dir='ltr'>addunt</span> 
     </span>
     <span class='ocr_line' id='line_1_90' title="bbox 1444 3338 2280 3404; baseline -0.007 -11"><span class='ocrx_word' id='word_1_531' title='bbox 1444 3357 1623 3394; x_wconf 88' lang='lat' dir='ltr'>omnes</span> <span class='ocrx_word' id='word_1_532' title='bbox 1644 3341 1823 3404; x_wconf 83' lang='lat' dir='ltr'>scripti</span> <span class='ocrx_word' id='word_1_533' title='bbox 1848 3346 1904 3389; x_wconf 89' lang='lat' dir='ltr'>et</span> <span class='ocrx_word' id='word_1_534' title='bbox 1927 3339 2074 3388; x_wconf 84' lang='lat' dir='ltr'>editi.</span> <span class='ocrx_word' id='word_1_535' title='bbox 2103 3338 2280 3388; x_wconf 73' lang='lat' dir='ltr'>Amez.</span> 
     </span>
    </p>

    <p class='ocr_par' dir='ltr' id='par_1_10' title="bbox 1442 3413 2510 3698">
     <span class='ocr_line' id='line_1_91' title="bbox 1509 3413 2509 3479; baseline -0.006 -11"><span class='ocrx_word' id='word_1_536' title='bbox 1509 3420 1650 3469; x_wconf 69' lang='lat' dir='ltr'>cu».</span> <span class='ocrx_word' id='word_1_537' title='bbox 1687 3430 1856 3467; x_wconf 78' lang='lat' dir='ltr'>xxxi.</span> <span class='ocrx_word' id='word_1_538' title='bbox 1924 3418 1952 3479; x_wconf 62' lang='grc' dir='ltr'><strong>ς</strong></span> <span class='ocrx_word' id='word_1_539' title='bbox 1988 3417 2014 3463; x_wconf 93' lang='lat'>1</span> <span class='ocrx_word' id='word_1_540' title='bbox 2057 3413 2232 3464; x_wconf 78' lang='lat' dir='ltr'>L&#39;ucius</span> <span class='ocrx_word' id='word_1_541' title='bbox 2255 3414 2509 3478; x_wconf 75' lang='lat' dir='ltr'>Papirius]</span> 
     </span>
     <span class='ocr_line' id='line_1_92' title="bbox 1443 3489 2510 3559; baseline -0.008 -14"><span class='ocrx_word' id='word_1_542' title='bbox 1443 3495 1497 3545; x_wconf 89' lang='lat' dir='ltr'>Is</span> <span class='ocrx_word' id='word_1_543' title='bbox 1523 3504 1623 3558; x_wconf 88' lang='lat' dir='ltr'>est,</span> <span class='ocrx_word' id='word_1_544' title='bbox 1658 3509 1810 3559; x_wconf 88' lang='lat' dir='ltr'>quem</span> <span class='ocrx_word' id='word_1_545' title='bbox 1837 3492 2011 3542; x_wconf 79' lang='lat' dir='ltr'>Livius</span> <span class='ocrx_word' id='word_1_546' title='bbox 2037 3489 2337 3539; x_wconf 81' lang='lat' dir='ltr'>Alexandro</span> <span class='ocrx_word' id='word_1_547' title='bbox 2358 3491 2510 3552; x_wconf 77' lang='lat' dir='ltr'>Mag-</span> 
     </span>
     <span class='ocr_line' id='line_1_93' title="bbox 1442 3567 2509 3635; baseline -0.007 -14"><span class='ocrx_word' id='word_1_548' title='bbox 1442 3586 1510 3621; x_wconf 87' lang='lat' dir='ltr'>no</span> <span class='ocrx_word' id='word_1_549' title='bbox 1533 3578 1821 3635; x_wconf 89' lang='lat' dir='ltr'>comparat,</span> <span class='ocrx_word' id='word_1_550' title='bbox 1837 3569 1878 3617; x_wconf 85' lang='lat' dir='ltr'>si</span> <span class='ocrx_word' id='word_1_551' title='bbox 1896 3569 1940 3617; x_wconf 90' lang='lat' dir='ltr'>is</span> <span class='ocrx_word' id='word_1_552' title='bbox 1959 3568 2012 3616; x_wconf 91' lang='lat' dir='ltr'>in</span> <span class='ocrx_word' id='word_1_553' title='bbox 2031 3567 2236 3616; x_wconf 82' lang='lat' dir='ltr'>Italiam</span> <span class='ocrx_word' id='word_1_554' title='bbox 2261 3568 2509 3616; x_wconf 85' lang='lat' dir='ltr'>venisset.</span> 
     </span>
     <span class='ocr_line' id='line_1_94' title="bbox 1443 3648 2508 3698; baseline -0.008 0"><span class='ocrx_word' id='word_1_555' title='bbox 1443 3648 1611 3698; x_wconf 73' lang='lat' dir='ltr'>Mucii.</span> <span class='ocrx_word' id='word_1_556' title='bbox 2499 3653 2508 3664; x_wconf 56' lang='lat'><strong>”</strong></span> 
     </span>
    </p>

    <p class='ocr_par' dir='ltr' id='par_1_11' title="bbox 1437 3717 2576 4321">
     <span class='ocr_line' id='line_1_95' title="bbox 1512 3717 2507 3783; baseline -0.005 -12"><span class='ocrx_word' id='word_1_557' title='bbox 1512 3720 1783 3783; x_wconf 68' lang='lat' dir='ltr'>consulem]</span> <span class='ocrx_word' id='word_1_558' title='bbox 1847 3717 1970 3768; x_wconf 88' lang='lat' dir='ltr'>Fuit</span> <span class='ocrx_word' id='word_1_559' title='bbox 2024 3732 2139 3766; x_wconf 88' lang='lat' dir='ltr'>cnm</span> <span class='ocrx_word' id='word_1_560' title='bbox 2198 3719 2507 3776; x_wconf 69' lang='lat' dir='ltr'>consularem,</span> 
     </span>
     <span class='ocr_line' id='line_1_96' title="bbox 1440 3792 2505 3850; baseline -0.007 -2"><span class='ocrx_word' id='word_1_561' title='bbox 1440 3808 1532 3850; x_wconf 88' lang='lat' dir='ltr'>aut</span> <span class='ocrx_word' id='word_1_562' title='bbox 1566 3801 1863 3848; x_wconf 80' lang='lat' dir='ltr'>dictatorem,</span> <span class='ocrx_word' id='word_1_563' title='bbox 1899 3808 1966 3843; x_wconf 80' lang='lat' dir='ltr'>ex</span> <span class='ocrx_word' id='word_1_564' title='bbox 2005 3794 2240 3842; x_wconf 78' lang='lat' dir='ltr'>historioe</span> <span class='ocrx_word' id='word_1_565' title='bbox 2278 3792 2384 3841; x_wconf 82' lang='lat' dir='ltr'>fide</span> <span class='ocrx_word' id='word_1_566' title='bbox 2424 3808 2505 3842; x_wconf 89' lang='lat' dir='ltr'>re·</span> 
     </span>
     <span class='ocr_line' id='line_1_97' title="bbox 1443 3868 2507 3939; baseline -0.008 -15"><span class='ocrx_word' id='word_1_567' title='bbox 1443 3875 1720 3939; x_wconf 84' lang='lat' dir='ltr'>posuerim,</span> <span class='ocrx_word' id='word_1_568' title='bbox 1770 3883 1940 3934; x_wconf 89' lang='lat' dir='ltr'>neque</span> <span class='ocrx_word' id='word_1_569' title='bbox 1986 3869 2121 3917; x_wconf 88' lang='lat' dir='ltr'>enim</span> <span class='ocrx_word' id='word_1_570' title='bbox 2164 3868 2402 3915; x_wconf 88' lang='lat' dir='ltr'>consules</span> <span class='ocrx_word' id='word_1_571' title='bbox 2440 3881 2507 3916; x_wconf 92' lang='lat' dir='ltr'>eo</span> 
     </span>
     <span class='ocr_line' id='line_1_98' title="bbox 1441 3944 2576 4005; baseline -0.008 -3"><span class='ocrx_word' id='word_1_572' title='bbox 1441 3967 1575 4002; x_wconf 77' lang='lat' dir='ltr'>anno</span> <span class='ocrx_word' id='word_1_573' title='bbox 1597 3960 1843 4001; x_wconf 81' lang='lat' dir='ltr'>cnxxlx.</span> <span class='ocrx_word' id='word_1_574' title='bbox 1881 3944 2042 3994; x_wconf 84' lang='lat' dir='ltr'>fuisse</span> <span class='ocrx_word' id='word_1_575' title='bbox 2066 3944 2306 4005; x_wconf 77' lang='lat' dir='ltr'>Sigonius</span> <span class='ocrx_word' id='word_1_576' title='bbox 2330 3944 2505 3993; x_wconf 82' lang='lat' dir='ltr'>obser·</span> <span class='ocrx_word' id='word_1_577' title='bbox 2571 3989 2576 3993; x_wconf 91' lang='lat'><em>.</em></span> 
     </span>
     <span class='ocr_line' id='line_1_99' title="bbox 1441 4017 2501 4081; baseline -0.008 -3"><span class='ocrx_word' id='word_1_578' title='bbox 1441 4034 1558 4077; x_wconf 82' lang='lat' dir='ltr'>vat:</span> <span class='ocrx_word' id='word_1_579' title='bbox 1596 4024 1862 4076; x_wconf 88' lang='lat' dir='ltr'>consulem</span> <span class='ocrx_word' id='word_1_580' title='bbox 1887 4028 2059 4071; x_wconf 83' lang='lat' dir='ltr'>tamen</span> <span class='ocrx_word' id='word_1_581' title='bbox 2084 4017 2211 4068; x_wconf 76' lang='lat' dir='ltr'>facit</span> <span class='ocrx_word' id='word_1_582' title='bbox 2234 4018 2501 4081; x_wconf 82' lang='lat' dir='ltr'>Papirium</span> 
     </span>
     <span class='ocr_line' id='line_1_100' title="bbox 1440 4096 2503 4158; baseline -0.008 -5"><span class='ocrx_word' id='word_1_583' title='bbox 1440 4104 1654 4154; x_wconf 88' lang='lat' dir='ltr'>Orosius</span> <span class='ocrx_word' id='word_1_584' title='bbox 1680 4114 1767 4149; x_wconf 84' lang='grc' dir='ltr'><strong>ιιι.</strong></span> <span class='ocrx_word' id='word_1_585' title='bbox 1791 4104 1870 4147; x_wconf 83' lang='grc'>15.</span> <span class='ocrx_word' id='word_1_586' title='bbox 1897 4104 1951 4145; x_wconf 89' lang='lat' dir='ltr'>et</span> <span class='ocrx_word' id='word_1_587' title='bbox 1987 4097 2207 4158; x_wconf 89' lang='lat' dir='ltr'>Eutrop.</span> <span class='ocrx_word' id='word_1_588' title='bbox 2227 4096 2319 4144; x_wconf 87' lang='lat' dir='ltr'>lib.</span> <span class='ocrx_word' id='word_1_589' title='bbox 2342 4110 2384 4144; x_wconf 89' lang='lat'>1.</span> <span class='ocrx_word' id='word_1_590' title='bbox 2418 4097 2503 4145; x_wconf 91' lang='lat' dir='ltr'>Li-</span> 
     </span>
     <span class='ocr_line' id='line_1_101' title="bbox 1437 4171 2505 4242; baseline -0.007 -13"><span class='ocrx_word' id='word_1_591' title='bbox 1437 4182 1551 4229; x_wconf 85' lang='lat' dir='ltr'>vius</span> <span class='ocrx_word' id='word_1_592' title='bbox 1590 4175 1795 4242; x_wconf 79' lang='lat' dir='ltr'>quoque</span> <span class='ocrx_word' id='word_1_593' title='bbox 1838 4172 2029 4234; x_wconf 82' lang='lat' dir='ltr'>ambigi</span> <span class='ocrx_word' id='word_1_594' title='bbox 2069 4171 2216 4234; x_wconf 86' lang='lat' dir='ltr'>dicit,</span> <span class='ocrx_word' id='word_1_595' title='bbox 2256 4173 2505 4235; x_wconf 80' lang='lat' dir='ltr'>magister</span> 
     </span>
     <span class='ocr_line' id='line_1_102' title="bbox 1438 4243 2504 4321; baseline -0.008 -16"><span class='ocrx_word' id='word_1_596' title='bbox 1438 4269 1504 4306; x_wconf 88' lang='lat' dir='ltr'>ne</span> <span class='ocrx_word' id='word_1_597' title='bbox 1544 4253 1777 4319; x_wconf 86' lang='lat' dir='ltr'>equitnm</span> <span class='ocrx_word' id='word_1_598' title='bbox 1822 4262 1887 4297; x_wconf 80' lang='lat' dir='ltr'>an</span> <span class='ocrx_word' id='word_1_599' title='bbox 1928 4248 2116 4321; x_wconf 67' lang='lat' dir='ltr'>consui</span> <span class='ocrx_word' id='word_1_600' title='bbox 2157 4254 2281 4297; x_wconf 89' lang='lat' dir='ltr'>tunc</span> <span class='ocrx_word' id='word_1_601' title='bbox 2325 4243 2504 4298; x_wconf 78' lang='lat' dir='ltr'>fuerit.</span> 
     </span>
    </p>
   </div>
  </div>
 </body>
</html>
