<?xml version="1.0" encoding="UTF-8"?>
<!DOCTYPE html PUBLIC "-//W3C//DTD XHTML 1.0 Transitional//EN"
    "http://www.w3.org/TR/xhtml1/DTD/xhtml1-transitional.dtd">
<html xmlns="http://www.w3.org/1999/xhtml" xml:lang="en" lang="en">
 <head>
  <title>
</title>
<meta http-equiv="Content-Type" content="text/html;charset=utf-8" />
  <meta name='ocr-system' content='tesseract 3.04.00' />
  <meta name='ocr-capabilities' content='ocr_page ocr_carea ocr_par ocr_line ocrx_word'/>
</head>
<body>
  <div class='ocr_page' id='page_1' title='image "./sextiaureliivic00valpgoog_0264.png"; bbox 0 0 3025 4934; ppageno 0'>
   <div class='ocr_carea' id='block_1_1' title="bbox 568 391 703 458">
    <p class='ocr_par' dir='ltr' id='par_1_1' title="bbox 568 391 703 458">
     <span class='ocr_line' id='line_1_1' title="bbox 568 391 703 458; baseline 0 0"><span class='ocrx_word' id='word_1_1' title='bbox 568 391 703 458; x_wconf 78' lang='lat'>¹706</span> 
     </span>
    </p>
   </div>
   <div class='ocr_carea' id='block_1_2' title="bbox 483 548 1634 616">
    <p class='ocr_par' dir='ltr' id='par_1_2' title="bbox 483 548 1634 616">
     <span class='ocr_line' id='line_1_2' title="bbox 483 548 1634 616; baseline 0.003 -16"><span class='ocrx_word' id='word_1_2' title='bbox 483 573 492 592; x_wconf 72' lang='grc' dir='ltr'><em>ο</em></span> <span class='ocrx_word' id='word_1_3' title='bbox 570 548 983 603; x_wconf 71' lang='lat' dir='ltr'>emendationem</span> <span class='ocrx_word' id='word_1_4' title='bbox 1016 548 1338 612; x_wconf 85' lang='lat' dir='ltr'>desiderant,</span> <span class='ocrx_word' id='word_1_5' title='bbox 1377 550 1525 616; x_wconf 80' lang='lat' dir='ltr'>quasi</span> <span class='ocrx_word' id='word_1_6' title='bbox 1557 551 1634 602; x_wconf 84' lang='lat' dir='ltr'>di·</span> 
     </span>
    </p>
   </div>
   <div class='ocr_carea' id='block_1_3' title="bbox 565 626 1636 1684">
    <p class='ocr_par' dir='ltr' id='par_1_3' title="bbox 565 626 1636 1684">
     <span class='ocr_line' id='line_1_3' title="bbox 569 626 1635 690; baseline -0.004 -10"><span class='ocrx_word' id='word_1_7' title='bbox 569 635 693 680; x_wconf 84' lang='lat' dir='ltr'>cst:</span> <span class='ocrx_word' id='word_1_8' title='bbox 739 642 839 676; x_wconf 91' lang='lat' dir='ltr'>non</span> <span class='ocrx_word' id='word_1_9' title='bbox 874 632 980 677; x_wconf 83' lang='lat' dir='ltr'>tam</span> <span class='ocrx_word' id='word_1_10' title='bbox 1014 626 1209 677; x_wconf 90' lang='lat' dir='ltr'>debere</span> <span class='ocrx_word' id='word_1_11' title='bbox 1246 626 1446 690; x_wconf 86' lang='lat' dir='ltr'>mirari,</span> <span class='ocrx_word' id='word_1_12' title='bbox 1484 626 1635 677; x_wconf 81' lang='lat' dir='ltr'>femi·</span> 
     </span>
     <span class='ocr_line' id='line_1_4' title="bbox 568 702 1635 766; baseline 0 -13"><span class='ocrx_word' id='word_1_13' title='bbox 568 720 708 760; x_wconf 82' lang='lat' dir='ltr'>nam,</span> <span class='ocrx_word' id='word_1_14' title='bbox 731 703 953 766; x_wconf 78' lang='lat' dir='ltr'>publicae</span> <span class='ocrx_word' id='word_1_15' title='bbox 993 703 1222 752; x_wconf 74' lang='lat' dir='ltr'>libidinis</span> <span class='ocrx_word' id='word_1_16' title='bbox 1247 702 1529 760; x_wconf 84' lang='lat' dir='ltr'>victimam,</span> <span class='ocrx_word' id='word_1_17' title='bbox 1551 704 1635 754; x_wconf 87' lang='lat' dir='ltr'>In·</span> 
     </span>
     <span class='ocr_line' id='line_1_5' title="bbox 570 778 1634 845; baseline -0.001 -14"><span class='ocrx_word' id='word_1_18' title='bbox 570 779 803 845; x_wconf 86' lang='lat' dir='ltr'>peratori</span> <span class='ocrx_word' id='word_1_19' title='bbox 827 786 1040 842; x_wconf 82' lang='lat' dir='ltr'>nuptam</span> <span class='ocrx_word' id='word_1_20' title='bbox 1066 778 1249 840; x_wconf 78' lang='lat' dir='ltr'>fuisse,</span> <span class='ocrx_word' id='word_1_21' title='bbox 1271 778 1361 829; x_wconf 89' lang='lat' dir='ltr'>sed</span> <span class='ocrx_word' id='word_1_22' title='bbox 1386 780 1485 830; x_wconf 88' lang='lat' dir='ltr'>boc</span> <span class='ocrx_word' id='word_1_23' title='bbox 1506 780 1634 830; x_wconf 87' lang='lat' dir='ltr'>mul·</span> 
     </span>
     <span class='ocr_line' id='line_1_6' title="bbox 571 854 1634 919; baseline 0.003 -16"><span class='ocrx_word' id='word_1_24' title='bbox 571 860 629 903; x_wconf 87' lang='lat' dir='ltr'>to</span> <span class='ocrx_word' id='word_1_25' title='bbox 651 854 813 918; x_wconf 80' lang='lat' dir='ltr'>magis</span> <span class='ocrx_word' id='word_1_26' title='bbox 834 855 1018 905; x_wconf 86' lang='lat' dir='ltr'>mirum</span> <span class='ocrx_word' id='word_1_27' title='bbox 1041 855 1225 919; x_wconf 80' lang='lat' dir='ltr'>videri,</span> <span class='ocrx_word' id='word_1_28' title='bbox 1243 869 1504 912; x_wconf 68' lang='lat' dir='ltr'>eumcum</span> <span class='ocrx_word' id='word_1_29' title='bbox 1528 871 1634 906; x_wconf 79' lang='lat' dir='ltr'>ms·</span> 
     </span>
     <span class='ocr_line' id='line_1_7' title="bbox 565 927 1634 995; baseline 0.005 -17"><span class='ocrx_word' id='word_1_30' title='bbox 565 927 726 979; x_wconf 87' lang='lat' dir='ltr'>ritum</span> <span class='ocrx_word' id='word_1_31' title='bbox 779 930 996 979; x_wconf 83' lang='lat' dir='ltr'>baberet</span> <span class='ocrx_word' id='word_1_32' title='bbox 1041 931 1421 995; x_wconf 80' lang='lat' dir='ltr'>Inperatorem.</span> <span class='ocrx_word' id='word_1_33' title='bbox 1457 947 1634 983; x_wconf 85' lang='lat' dir='ltr'>ansam</span> 
     </span>
     <span class='ocr_line' id='line_1_8' title="bbox 566 1002 1633 1069; baseline 0.004 -16"><span class='ocrx_word' id='word_1_34' title='bbox 566 1002 729 1054; x_wconf 79' lang='lat' dir='ltr'>fuisse</span> <span class='ocrx_word' id='word_1_35' title='bbox 751 1006 971 1069; x_wconf 82' lang='lat' dir='ltr'>conjuge</span> <span class='ocrx_word' id='word_1_36' title='bbox 995 1006 1205 1056; x_wconf 80' lang='lat' dir='ltr'>vivente</span> <span class='ocrx_word' id='word_1_37' title='bbox 1220 1006 1511 1057; x_wconf 89' lang='lat' dir='ltr'>adulterum</span> <span class='ocrx_word' id='word_1_38' title='bbox 1535 1007 1633 1057; x_wconf 89' lang='lat' dir='ltr'>sibi</span> 
     </span>
     <span class='ocr_line' id='line_1_9' title="bbox 566 1080 1636 1147; baseline 0.005 -17"><span class='ocrx_word' id='word_1_39' title='bbox 566 1080 895 1130; x_wconf 86' lang='lat' dir='ltr'>matrimonio</span> <span class='ocrx_word' id='word_1_40' title='bbox 933 1083 1268 1147; x_wconf 81' lang='lat' dir='ltr'>conjungere,</span> <span class='ocrx_word' id='word_1_41' title='bbox 1305 1091 1362 1135; x_wconf 91' lang='lat' dir='ltr'>et</span> <span class='ocrx_word' id='word_1_42' title='bbox 1390 1085 1489 1134; x_wconf 87' lang='lat' dir='ltr'>boc</span> <span class='ocrx_word' id='word_1_43' title='bbox 1530 1085 1636 1135; x_wconf 81' lang='lat' dir='ltr'>erit</span> 
     </span>
     <span class='ocr_line' id='line_1_10' title="bbox 568 1158 1632 1224; baseline 0.006 -19"><span class='ocrx_word' id='word_1_44' title='bbox 568 1161 586 1184; x_wconf 88' lang='lat'>‘</span> <span class='ocrx_word' id='word_1_45' title='bbox 616 1158 755 1220; x_wconf 86' lang='lat' dir='ltr'>apud</span> <span class='ocrx_word' id='word_1_46' title='bbox 801 1158 1162 1221; x_wconf 84' lang='lat' dir='ltr'>Inperatorem</span> <span class='ocrx_word' id='word_1_47' title='bbox 1205 1160 1372 1209; x_wconf 81' lang='lat' dir='ltr'>virum</span> <span class='ocrx_word' id='word_1_48' title='bbox 1422 1167 1632 1224; x_wconf 82' lang='lat' dir='ltr'>nuptam</span> 
     </span>
     <span class='ocr_line' id='line_1_11' title="bbox 572 1232 1633 1300; baseline 0.003 -17"><span class='ocrx_word' id='word_1_49' title='bbox 572 1232 723 1283; x_wconf 71' lang='lat' dir='ltr'>esse-⁹</span> <span class='ocrx_word' id='word_1_50' title='bbox 787 1235 857 1284; x_wconf 75' lang='lat' dir='ltr'>Et</span> <span class='ocrx_word' id='word_1_51' title='bbox 885 1235 985 1284; x_wconf 82' lang='lat' dir='ltr'>hoc</span> <span class='ocrx_word' id='word_1_52' title='bbox 1021 1235 1296 1286; x_wconf 81' lang='lat' dir='ltr'>confirmat</span> <span class='ocrx_word' id='word_1_53' title='bbox 1333 1234 1426 1286; x_wconf 82' lang='lat' dir='ltr'>inf.</span> <span class='ocrx_word' id='word_1_54' title='bbox 1450 1237 1633 1300; x_wconf 82' lang='lat' dir='ltr'>Epito-</span> 
     </span>
     <span class='ocr_line' id='line_1_12' title="bbox 570 1312 1634 1378; baseline 0.005 -20"><span class='ocrx_word' id='word_1_55' title='bbox 570 1324 676 1367; x_wconf 88' lang='lat' dir='ltr'>me,</span> <span class='ocrx_word' id='word_1_56' title='bbox 698 1325 816 1361; x_wconf 87' lang='lat' dir='ltr'>cum</span> <span class='ocrx_word' id='word_1_57' title='bbox 838 1312 980 1361; x_wconf 86' lang='lat' dir='ltr'>dicat</span> <span class='ocrx_word' id='word_1_58' title='bbox 1001 1327 1016 1361; x_wconf 71' lang='grc' dir='ltr'><strong>ε</strong></span> <span class='ocrx_word' id='word_1_59' title='bbox 1053 1318 1068 1341; x_wconf 78' lang='grc'><em>·</em></span> <span class='ocrx_word' id='word_1_60' title='bbox 1088 1312 1160 1361; x_wconf 82' lang='lat' dir='ltr'>Ut</span> <span class='ocrx_word' id='word_1_61' title='bbox 1178 1313 1344 1378; x_wconf 80' lang='lat' dir='ltr'>magis</span> <span class='ocrx_word' id='word_1_62' title='bbox 1365 1313 1634 1364; x_wconf 83' lang='lat' dir='ltr'>videretur</span> 
     </span>
     <span class='ocr_line' id='line_1_13' title="bbox 569 1385 1632 1454; baseline 0.006 -18"><span class='ocrx_word' id='word_1_63' title='bbox 569 1385 668 1437; x_wconf 85' lang='lat' dir='ltr'>sub</span> <span class='ocrx_word' id='word_1_64' title='bbox 697 1388 1025 1451; x_wconf 81' lang='lat' dir='ltr'>Inperatore,</span> <span class='ocrx_word' id='word_1_65' title='bbox 1050 1388 1160 1439; x_wconf 83' lang='lat' dir='ltr'>viro</span> <span class='ocrx_word' id='word_1_66' title='bbox 1182 1404 1334 1454; x_wconf 90' lang='lat' dir='ltr'>quam</span> <span class='ocrx_word' id='word_1_67' title='bbox 1357 1390 1632 1454; x_wconf 85' lang='lat' dir='ltr'>Inperato·</span> 
     </span>
     <span class='ocr_line' id='line_1_14' title="bbox 570 1462 1631 1531; baseline 0.004 -20"><span class='ocrx_word' id='word_1_68' title='bbox 570 1462 640 1524; x_wconf 86' lang='lat' dir='ltr'>ri,</span> <span class='ocrx_word' id='word_1_69' title='bbox 661 1471 828 1528; x_wconf 87' lang='lat' dir='ltr'>nupta</span> <span class='ocrx_word' id='word_1_70' title='bbox 864 1463 1013 1514; x_wconf 69' lang='lat' dir='ltr'>esse-⁹</span> <span class='ocrx_word' id='word_1_71' title='bbox 1076 1466 1139 1515; x_wconf 92' lang='lat' dir='ltr'>Id</span> <span class='ocrx_word' id='word_1_72' title='bbox 1173 1473 1271 1529; x_wconf 86' lang='lat' dir='ltr'>est,</span> <span class='ocrx_word' id='word_1_73' title='bbox 1304 1467 1440 1531; x_wconf 89' lang='lat' dir='ltr'>quod</span> <span class='ocrx_word' id='word_1_74' title='bbox 1467 1468 1631 1531; x_wconf 88' lang='lat' dir='ltr'>magis</span> 
     </span>
     <span class='ocr_line' id='line_1_15' title="bbox 565 1541 1631 1607; baseline 0.003 -16"><span class='ocrx_word' id='word_1_75' title='bbox 565 1541 858 1592; x_wconf 78' lang='lat' dir='ltr'>mirandum</span> <span class='ocrx_word' id='word_1_76' title='bbox 888 1541 1176 1606; x_wconf 80' lang='lat' dir='ltr'>videretur,</span> <span class='ocrx_word' id='word_1_77' title='bbox 1196 1545 1294 1593; x_wconf 89' lang='lat' dir='ltr'>sub</span> <span class='ocrx_word' id='word_1_78' title='bbox 1317 1543 1631 1607; x_wconf 84' lang='lat' dir='ltr'>Inperatore</span> 
     </span>
     <span class='ocr_line' id='line_1_16' title="bbox 568 1619 1633 1684; baseline 0.002 -17"><span class='ocrx_word' id='word_1_79' title='bbox 568 1619 776 1683; x_wconf 72' lang='lat' dir='ltr'>marito,</span> <span class='ocrx_word' id='word_1_80' title='bbox 798 1620 948 1670; x_wconf 83' lang='lat' dir='ltr'>alteri</span> <span class='ocrx_word' id='word_1_81' title='bbox 980 1634 1113 1677; x_wconf 85' lang='lat' dir='ltr'>eam,</span> <span class='ocrx_word' id='word_1_82' title='bbox 1147 1635 1299 1684; x_wconf 90' lang='lat' dir='ltr'>quam</span> <span class='ocrx_word' id='word_1_83' title='bbox 1334 1619 1633 1684; x_wconf 84' lang='lat' dir='ltr'>Inperatori</span> 
     </span>
    </p>
   </div>
   <div class='ocr_carea' id='block_1_4' title="bbox 489 1697 1631 1761">
    <p class='ocr_par' dir='ltr' id='par_1_4' title="bbox 489 1697 1631 1761">
     <span class='ocr_line' id='line_1_17' title="bbox 489 1697 1631 1761; baseline 0.001 -17"><span class='ocrx_word' id='word_1_84' title='bbox 489 1707 496 1719; x_wconf 91' lang='grc'><em>·</em></span> <span class='ocrx_word' id='word_1_85' title='bbox 570 1702 789 1759; x_wconf 81' lang='lat' dir='ltr'>nuptam</span> <span class='ocrx_word' id='word_1_86' title='bbox 813 1712 944 1746; x_wconf 87' lang='lat' dir='ltr'>esse.</span> <span class='ocrx_word' id='word_1_87' title='bbox 977 1697 1076 1746; x_wconf 83' lang='lat' dir='ltr'>Vir</span> <span class='ocrx_word' id='word_1_88' title='bbox 1095 1698 1234 1747; x_wconf 89' lang='lat' dir='ltr'>enim</span> <span class='ocrx_word' id='word_1_89' title='bbox 1248 1697 1631 1761; x_wconf 82' lang='lat' dir='ltr'>specialisigni·</span> 
     </span>
    </p>
   </div>
   <div class='ocr_carea' id='block_1_5' title="bbox 557 1769 1635 4357">
    <p class='ocr_par' dir='ltr' id='par_1_5' title="bbox 563 1769 1634 2052">
     <span class='ocr_line' id='line_1_18' title="bbox 569 1769 1631 1838; baseline 0.002 -18"><span class='ocrx_word' id='word_1_90' title='bbox 569 1769 811 1822; x_wconf 84' lang='lat' dir='ltr'>ficatione</span> <span class='ocrx_word' id='word_1_91' title='bbox 857 1777 1004 1823; x_wconf 84' lang='lat' dir='ltr'>notat</span> <span class='ocrx_word' id='word_1_92' title='bbox 1047 1774 1307 1831; x_wconf 89' lang='lat' dir='ltr'>maritum,</span> <span class='ocrx_word' id='word_1_93' title='bbox 1345 1773 1483 1838; x_wconf 84' lang='lat' dir='ltr'>quod</span> <span class='ocrx_word' id='word_1_94' title='bbox 1540 1787 1631 1822; x_wconf 90' lang='lat' dir='ltr'>no·</span> 
     </span>
     <span class='ocr_line' id='line_1_19' title="bbox 569 1849 1634 1914; baseline 0.003 -19"><span class='ocrx_word' id='word_1_95' title='bbox 569 1852 678 1896; x_wconf 86' lang='lat' dir='ltr'>tum</span> <span class='ocrx_word' id='word_1_96' title='bbox 714 1863 781 1898; x_wconf 86' lang='lat' dir='ltr'>ex</span> <span class='ocrx_word' id='word_1_97' title='bbox 822 1850 1014 1914; x_wconf 82' lang='lat' dir='ltr'>Seopp.</span> <span class='ocrx_word' id='word_1_98' title='bbox 1055 1850 1120 1899; x_wconf 86' lang='lat' dir='ltr'>ad</span> <span class='ocrx_word' id='word_1_99' title='bbox 1145 1849 1355 1900; x_wconf 79' lang='lat' dir='ltr'>Phaedr.</span> <span class='ocrx_word' id='word_1_100' title='bbox 1396 1863 1435 1899; x_wconf 85' lang='lat' dir='ltr'>r.</span> <span class='ocrx_word' id='word_1_101' title='bbox 1473 1854 1556 1899; x_wconf 84' lang='lat'>18.</span> <span class='ocrx_word' id='word_1_102' title='bbox 1583 1853 1634 1899; x_wconf 76' lang='lat'>4.</span> 
     </span>
     <span class='ocr_line' id='line_1_20' title="bbox 566 1923 1630 1989; baseline 0.003 -17"><span class='ocrx_word' id='word_1_103' title='bbox 566 1923 775 1975; x_wconf 75' lang='lat' dir='ltr'>Pricaeo</span> <span class='ocrx_word' id='word_1_104' title='bbox 810 1926 874 1977; x_wconf 85' lang='lat' dir='ltr'>ad</span> <span class='ocrx_word' id='word_1_105' title='bbox 909 1925 1102 1976; x_wconf 86' lang='lat' dir='ltr'>Mattb.</span> <span class='ocrx_word' id='word_1_106' title='bbox 1134 1940 1251 1989; x_wconf 85' lang='lat' dir='ltr'>esp.</span> <span class='ocrx_word' id='word_1_107' title='bbox 1286 1939 1325 1974; x_wconf 86' lang='lat'>1.</span> <span class='ocrx_word' id='word_1_108' title='bbox 1370 1939 1444 1975; x_wconf 78' lang='lat' dir='ltr'>rs.</span> <span class='ocrx_word' id='word_1_109' title='bbox 1484 1929 1539 1977; x_wconf 79' lang='lat'>6.</span> <span class='ocrx_word' id='word_1_110' title='bbox 1574 1932 1630 1975; x_wconf 89' lang='lat' dir='ltr'>et</span> 
     </span>
     <span class='ocr_line' id='line_1_21' title="bbox 563 2001 972 2052; baseline 0 -3"><span class='ocrx_word' id='word_1_111' title='bbox 563 2001 765 2050; x_wconf 84' lang='lat' dir='ltr'>multis.</span> <span class='ocrx_word' id='word_1_112' title='bbox 795 2001 972 2052; x_wconf 69' lang='lat' dir='ltr'>Aratz.</span> 
     </span>
    </p>

    <p class='ocr_par' dir='ltr' id='par_1_6' title="bbox 562 2077 1629 2296">
     <span class='ocr_line' id='line_1_22' title="bbox 630 2077 1629 2143; baseline 0.003 -17"><span class='ocrx_word' id='word_1_113' title='bbox 630 2078 659 2142; x_wconf 59' lang='grc' dir='ltr'><strong>ξ</strong></span> <span class='ocrx_word' id='word_1_114' title='bbox 684 2082 745 2129; x_wconf 85' lang='grc'>10</span> <span class='ocrx_word' id='word_1_115' title='bbox 787 2079 978 2129; x_wconf 78' lang='lat' dir='ltr'>Fratris</span> <span class='ocrx_word' id='word_1_116' title='bbox 985 2078 1173 2143; x_wconf 77' lang='lat' dir='ltr'>fllium]</span> <span class='ocrx_word' id='word_1_117' title='bbox 1228 2078 1528 2129; x_wconf 84' lang='lat' dir='ltr'>Germanici</span> <span class='ocrx_word' id='word_1_118' title='bbox 1556 2077 1629 2129; x_wconf 84' lang='lat' dir='ltr'>A·</span> 
     </span>
     <span class='ocr_line' id='line_1_23' title="bbox 563 2152 1628 2218; baseline 0.003 -16"><span class='ocrx_word' id='word_1_119' title='bbox 563 2152 882 2218; x_wconf 84' lang='lat' dir='ltr'>grippinam,</span> <span class='ocrx_word' id='word_1_120' title='bbox 922 2164 1140 2205; x_wconf 81' lang='lat' dir='ltr'>matrem</span> <span class='ocrx_word' id='word_1_121' title='bbox 1179 2155 1403 2205; x_wconf 84' lang='lat' dir='ltr'>Neronis</span> <span class='ocrx_word' id='word_1_122' title='bbox 1426 2168 1491 2204; x_wconf 88' lang='lat' dir='ltr'>ex</span> <span class='ocrx_word' id='word_1_123' title='bbox 1517 2156 1628 2205; x_wconf 90' lang='lat' dir='ltr'>Do·</span> 
     </span>
     <span class='ocr_line' id='line_1_24' title="bbox 562 2231 1329 2296; baseline 0.001 -17"><span class='ocrx_word' id='word_1_124' title='bbox 562 2231 712 2280; x_wconf 83' lang='lat' dir='ltr'>mitio</span> <span class='ocrx_word' id='word_1_125' title='bbox 734 2231 1102 2282; x_wconf 78' lang='lat' dir='ltr'><strong>Ahenobarbo.</strong></span> <span class='ocrx_word' id='word_1_126' title='bbox 1139 2232 1329 2296; x_wconf 65' lang='lat' dir='ltr'>Schott.</span> 
     </span>
    </p>

    <p class='ocr_par' dir='ltr' id='par_1_7' title="bbox 557 2303 1635 4188">
     <span class='ocr_line' id='line_1_25' title="bbox 629 2303 1632 2374; baseline 0.005 -18"><span class='ocrx_word' id='word_1_127' title='bbox 629 2310 658 2372; x_wconf 83' lang='lat'>§</span> <span class='ocrx_word' id='word_1_128' title='bbox 685 2312 747 2357; x_wconf 82' lang='lat'>12</span> <span class='ocrx_word' id='word_1_129' title='bbox 782 2312 922 2358; x_wconf 77' lang='lat' dir='ltr'>Anno</span> <span class='ocrx_word' id='word_1_130' title='bbox 942 2309 1350 2373; x_wconf 68' lang='lat' dir='ltr'>quinquagesimo]</span> <span class='ocrx_word' id='word_1_131' title='bbox 1369 2303 1632 2374; x_wconf 76' lang='lat' dir='ltr'>Expresso</span> 
     </span>
     <span class='ocr_line' id='line_1_26' title="bbox 561 2382 1629 2451; baseline 0.005 -19"><span class='ocrx_word' id='word_1_132' title='bbox 561 2382 672 2432; x_wconf 86' lang='lat' dir='ltr'>Ms.</span> <span class='ocrx_word' id='word_1_133' title='bbox 698 2394 893 2443; x_wconf 88' lang='lat' dir='ltr'>noster,</span> <span class='ocrx_word' id='word_1_134' title='bbox 909 2388 1063 2449; x_wconf 78' lang='lat' dir='ltr'>vulgo</span> <span class='ocrx_word' id='word_1_135' title='bbox 1087 2386 1217 2436; x_wconf 87' lang='lat' dir='ltr'>editi</span> <span class='ocrx_word' id='word_1_136' title='bbox 1241 2386 1629 2451; x_wconf 70' lang='lat' dir='ltr'>quingentesima.</span> 
     </span>
     <span class='ocr_line' id='line_1_27' title="bbox 561 2459 1631 2528; baseline 0.005 -20"><span class='ocrx_word' id='word_1_137' title='bbox 561 2459 626 2509; x_wconf 92' lang='lat' dir='ltr'>In</span> <span class='ocrx_word' id='word_1_138' title='bbox 663 2462 809 2511; x_wconf 86' lang='lat' dir='ltr'>anuis</span> <span class='ocrx_word' id='word_1_139' title='bbox 835 2462 962 2511; x_wconf 87' lang='lat' dir='ltr'>mire</span> <span class='ocrx_word' id='word_1_140' title='bbox 1000 2463 1203 2515; x_wconf 83' lang='lat' dir='ltr'>variant</span> <span class='ocrx_word' id='word_1_141' title='bbox 1227 2462 1482 2526; x_wconf 75' lang='lat' dir='ltr'>historici,</span> <span class='ocrx_word' id='word_1_142' title='bbox 1502 2478 1631 2528; x_wconf 86' lang='lat' dir='ltr'>quos</span> 
     </span>
     <span class='ocr_line' id='line_1_28' title="bbox 560 2538 1632 2592; baseline 0.006 -7"><span class='ocrx_word' id='word_1_143' title='bbox 560 2549 839 2587; x_wconf 81' lang='lat' dir='ltr'>recensere</span> <span class='ocrx_word' id='word_1_144' title='bbox 883 2552 985 2588; x_wconf 91' lang='lat' dir='ltr'>nou</span> <span class='ocrx_word' id='word_1_145' title='bbox 1024 2548 1194 2589; x_wconf 81' lang='lat' dir='ltr'>vacat.</span> <span class='ocrx_word' id='word_1_146' title='bbox 1261 2538 1397 2588; x_wconf 90' lang='lat' dir='ltr'>Vide</span> <span class='ocrx_word' id='word_1_147' title='bbox 1433 2540 1632 2592; x_wconf 81' lang='lat' dir='ltr'>Melam</span> 
     </span>
     <span class='ocr_line' id='line_1_29' title="bbox 559 2613 1634 2682; baseline 0.003 -19"><span class='ocrx_word' id='word_1_148' title='bbox 559 2613 929 2678; x_wconf 89' lang='lat' dir='ltr'>Pomponium,</span> <span class='ocrx_word' id='word_1_149' title='bbox 977 2615 1233 2678; x_wconf 84' lang='lat' dir='ltr'>Plinium,</span> <span class='ocrx_word' id='word_1_150' title='bbox 1282 2616 1536 2682; x_wconf 79' lang='lat' dir='ltr'>Soliuum,</span> <span class='ocrx_word' id='word_1_151' title='bbox 1577 2623 1634 2666; x_wconf 90' lang='lat' dir='ltr'>et</span> 
     </span>
     <span class='ocr_line' id='line_1_30' title="bbox 561 2687 1634 2754; baseline 0.003 -17"><span class='ocrx_word' id='word_1_152' title='bbox 561 2687 821 2747; x_wconf 82' lang='lat' dir='ltr'>Tacitum,</span> <span class='ocrx_word' id='word_1_153' title='bbox 844 2690 929 2754; x_wconf 86' lang='lat' dir='ltr'>qui</span> <span class='ocrx_word' id='word_1_154' title='bbox 949 2704 1028 2739; x_wconf 84' lang='lat' dir='ltr'>vt.</span> <span class='ocrx_word' id='word_1_155' title='bbox 1046 2693 1219 2739; x_wconf 78' lang='lat' dir='ltr'>anuali</span> <span class='ocrx_word' id='word_1_156' title='bbox 1245 2690 1427 2742; x_wconf 78' lang='lat' dir='ltr'><strong>Paullo</strong></span> <span class='ocrx_word' id='word_1_157' title='bbox 1452 2689 1634 2753; x_wconf 80' lang='lat' dir='ltr'>Fabio,</span> 
     </span>
     <span class='ocr_line' id='line_1_31' title="bbox 563 2764 1631 2830; baseline 0.004 -17"><span class='ocrx_word' id='word_1_158' title='bbox 563 2764 626 2813; x_wconf 74' lang='lat' dir='ltr'>L.</span> <span class='ocrx_word' id='word_1_159' title='bbox 654 2764 873 2814; x_wconf 83' lang='lat' dir='ltr'>Vitellio</span> <span class='ocrx_word' id='word_1_160' title='bbox 900 2766 1045 2815; x_wconf 83' lang='lat' dir='ltr'>Coss.</span> <span class='ocrx_word' id='word_1_161' title='bbox 1070 2767 1356 2830; x_wconf 80' lang='lat' dir='ltr'>phoenicem</span> <span class='ocrx_word' id='word_1_162' title='bbox 1380 2781 1631 2830; x_wconf 84' lang='lat' dir='ltr'>conspec-</span> 
     </span>
     <span class='ocr_line' id='line_1_32' title="bbox 561 2841 1634 2907; baseline 0.006 -19"><span class='ocrx_word' id='word_1_163' title='bbox 561 2848 672 2889; x_wconf 86' lang='lat' dir='ltr'>tum</span> <span class='ocrx_word' id='word_1_164' title='bbox 708 2841 803 2903; x_wconf 83' lang='lat' dir='ltr'>ait,</span> <span class='ocrx_word' id='word_1_165' title='bbox 845 2843 935 2907; x_wconf 89' lang='lat' dir='ltr'>qui</span> <span class='ocrx_word' id='word_1_166' title='bbox 978 2843 1082 2892; x_wconf 81' lang='lat' dir='ltr'>fuit</span> <span class='ocrx_word' id='word_1_167' title='bbox 1115 2858 1299 2905; x_wconf 87' lang='lat' dir='ltr'>annus,</span> <span class='ocrx_word' id='word_1_168' title='bbox 1332 2850 1389 2898; x_wconf 78' lang='lat' dir='ltr'>ut</span> <span class='ocrx_word' id='word_1_169' title='bbox 1429 2844 1634 2907; x_wconf 81' lang='lat' dir='ltr'>opinor,</span> 
     </span>
     <span class='ocr_line' id='line_1_33' title="bbox 561 2916 1635 2971; baseline 0.006 -6"><span class='ocrx_word' id='word_1_170' title='bbox 561 2916 631 2965; x_wconf 87' lang='lat' dir='ltr'>U.</span> <span class='ocrx_word' id='word_1_171' title='bbox 667 2918 730 2967; x_wconf 90' lang='lat' dir='ltr'>c.</span> <span class='ocrx_word' id='word_1_172' title='bbox 775 2931 1121 2968; x_wconf 79' lang='lat' dir='ltr'>mccxxcvn.</span> <span class='ocrx_word' id='word_1_173' title='bbox 1188 2922 1320 2969; x_wconf 81' lang='lat' dir='ltr'>Mox</span> <span class='ocrx_word' id='word_1_174' title='bbox 1356 2935 1421 2969; x_wconf 70' lang='lat' dir='ltr'>ex</span> <span class='ocrx_word' id='word_1_175' title='bbox 1446 2919 1635 2971; x_wconf 74' lang='lat' dir='ltr'>Arabia</span> 
     </span>
     <span class='ocr_line' id='line_1_34' title="bbox 560 2992 1632 3066; baseline 0.005 -25"><span class='ocrx_word' id='word_1_176' title='bbox 560 2992 784 3057; x_wconf 75' lang='lat' dir='ltr'>inpressi</span> <span class='ocrx_word' id='word_1_177' title='bbox 812 2996 946 3045; x_wconf 88' lang='lat' dir='ltr'>libri.</span> <span class='ocrx_word' id='word_1_178' title='bbox 976 2996 1165 3066; x_wconf 60' lang='lat' dir='ltr'>Scluolt.</span> <span class='ocrx_word' id='word_1_179' title='bbox 1232 2997 1632 3061; x_wconf 68' lang='lat' dir='ltr'>Quinquagesimo</span> 
     </span>
     <span class='ocr_line' id='line_1_35' title="bbox 561 3069 1632 3135; baseline 0.005 -17"><span class='ocrx_word' id='word_1_180' title='bbox 561 3069 766 3121; x_wconf 87' lang='lat' dir='ltr'>Schotti</span> <span class='ocrx_word' id='word_1_181' title='bbox 811 3072 1166 3135; x_wconf 77' lang='lat' dir='ltr'>membrauae3</span> <span class='ocrx_word' id='word_1_182' title='bbox 1222 3087 1338 3122; x_wconf 84' lang='lat' dir='ltr'>nam</span> <span class='ocrx_word' id='word_1_183' title='bbox 1391 3074 1632 3124; x_wconf 84' lang='lat' dir='ltr'>Palatina</span> 
     </span>
     <span class='ocr_line' id='line_1_36' title="bbox 557 3145 1629 3199; baseline 0.004 -5"><span class='ocrx_word' id='word_1_184' title='bbox 557 3145 879 3198; x_wconf 75' lang='lat' dir='ltr'>bibliotheca</span> <span class='ocrx_word' id='word_1_185' title='bbox 899 3149 1003 3198; x_wconf 85' lang='lat' dir='ltr'>isto</span> <span class='ocrx_word' id='word_1_186' title='bbox 1035 3156 1249 3198; x_wconf 86' lang='lat' dir='ltr'>auctore</span> <span class='ocrx_word' id='word_1_187' title='bbox 1286 3148 1591 3199; x_wconf 70' lang='lat' dir='ltr'>destituitur</span> <span class='ocrx_word' id='word_1_188' title='bbox 1615 3165 1629 3198; x_wconf 90' lang='lat'><strong>:</strong></span> 
     </span>
     <span class='ocr_line' id='line_1_37' title="bbox 561 3221 1630 3288; baseline 0.005 -17"><span class='ocrx_word' id='word_1_189' title='bbox 561 3223 655 3271; x_wconf 91' lang='lat' dir='ltr'>sed</span> <span class='ocrx_word' id='word_1_190' title='bbox 689 3221 862 3273; x_wconf 84' lang='lat' dir='ltr'>malim</span> <span class='ocrx_word' id='word_1_191' title='bbox 887 3239 1003 3273; x_wconf 89' lang='lat' dir='ltr'>cnm</span> <span class='ocrx_word' id='word_1_192' title='bbox 1028 3232 1150 3274; x_wconf 86' lang='lat' dir='ltr'>aute</span> <span class='ocrx_word' id='word_1_193' title='bbox 1174 3224 1331 3274; x_wconf 87' lang='lat' dir='ltr'>editis</span> <span class='ocrx_word' id='word_1_194' title='bbox 1353 3227 1630 3288; x_wconf 73' lang='lat' dir='ltr'>quingente·</span> 
     </span>
     <span class='ocr_line' id='line_1_38' title="bbox 558 3299 1630 3363; baseline 0.003 -15"><span class='ocrx_word' id='word_1_195' title='bbox 558 3299 696 3363; x_wconf 78' lang='lat' dir='ltr'>simo,</span> <span class='ocrx_word' id='word_1_196' title='bbox 719 3300 822 3348; x_wconf 88' lang='lat' dir='ltr'>etsi</span> <span class='ocrx_word' id='word_1_197' title='bbox 855 3300 991 3348; x_wconf 87' lang='lat' dir='ltr'>enim</span> <span class='ocrx_word' id='word_1_198' title='bbox 1015 3299 1147 3349; x_wconf 88' lang='lat' dir='ltr'>mire</span> <span class='ocrx_word' id='word_1_199' title='bbox 1178 3301 1382 3352; x_wconf 83' lang='lat' dir='ltr'>varient</span> <span class='ocrx_word' id='word_1_200' title='bbox 1404 3300 1457 3350; x_wconf 90' lang='lat' dir='ltr'>in</span> <span class='ocrx_word' id='word_1_201' title='bbox 1481 3301 1630 3351; x_wconf 86' lang='lat' dir='ltr'>annis</span> 
     </span>
     <span class='ocr_line' id='line_1_39' title="bbox 560 3376 1632 3440; baseline 0.004 -17"><span class='ocrx_word' id='word_1_202' title='bbox 560 3382 839 3437; x_wconf 78' lang='lat' dir='ltr'>auctores3</span> <span class='ocrx_word' id='word_1_203' title='bbox 882 3390 1035 3425; x_wconf 87' lang='lat' dir='ltr'>nemo</span> <span class='ocrx_word' id='word_1_204' title='bbox 1069 3383 1244 3426; x_wconf 88' lang='lat' dir='ltr'>tamen</span> <span class='ocrx_word' id='word_1_205' title='bbox 1300 3376 1632 3440; x_wconf 70' lang='lat' dir='ltr'>quiuquagesi-</span> 
     </span>
     <span class='ocr_line' id='line_1_40' title="bbox 564 3453 1632 3518; baseline 0.006 -18"><span class='ocrx_word' id='word_1_206' title='bbox 564 3467 694 3501; x_wconf 73' lang='lat' dir='ltr'>mam</span> <span class='ocrx_word' id='word_1_207' title='bbox 749 3453 946 3515; x_wconf 81' lang='lat' dir='ltr'>posuit,</span> <span class='ocrx_word' id='word_1_208' title='bbox 996 3454 1149 3503; x_wconf 84' lang='lat' dir='ltr'>multi</span> <span class='ocrx_word' id='word_1_209' title='bbox 1192 3454 1632 3518; x_wconf 69' lang='lat' dir='ltr'>quingentesimum.</span> 
     </span>
     <span class='ocr_line' id='line_1_41' title="bbox 566 3527 1633 3593; baseline 0.007 -17"><span class='ocrx_word' id='word_1_210' title='bbox 566 3527 726 3577; x_wconf 84' lang='lat' dir='ltr'>Grnt.</span> <span class='ocrx_word' id='word_1_211' title='bbox 812 3528 1040 3578; x_wconf 76' lang='lat' dir='ltr'>Maxime</span> <span class='ocrx_word' id='word_1_212' title='bbox 1092 3531 1456 3593; x_wconf 73' lang='lat' dir='ltr'>pervulgatum</span> <span class='ocrx_word' id='word_1_213' title='bbox 1521 3548 1633 3583; x_wconf 85' lang='lat' dir='ltr'>esse</span> 
     </span>
     <span class='ocr_line' id='line_1_42' title="bbox 563 3605 1629 3670; baseline 0.005 -16"><span class='ocrx_word' id='word_1_214' title='bbox 563 3605 960 3670; x_wconf 86' lang='lat' dir='ltr'>quingentorum</span> <span class='ocrx_word' id='word_1_215' title='bbox 987 3620 1234 3655; x_wconf 84' lang='lat' dir='ltr'>annorum</span> <span class='ocrx_word' id='word_1_216' title='bbox 1258 3609 1484 3670; x_wconf 89' lang='lat' dir='ltr'>spatium</span> <span class='ocrx_word' id='word_1_217' title='bbox 1508 3624 1629 3659; x_wconf 87' lang='lat' dir='ltr'>aue-</span> 
     </span>
     <span class='ocr_line' id='line_1_43' title="bbox 561 3683 1631 3741; baseline 0.007 -12"><span class='ocrx_word' id='word_1_218' title='bbox 561 3688 649 3729; x_wconf 86' lang='lat' dir='ltr'>tor</span> <span class='ocrx_word' id='word_1_219' title='bbox 691 3688 772 3731; x_wconf 90' lang='lat' dir='ltr'>est</span> <span class='ocrx_word' id='word_1_220' title='bbox 812 3683 978 3732; x_wconf 77' lang='lat' dir='ltr'>Tacit.</span> <span class='ocrx_word' id='word_1_221' title='bbox 1024 3696 1102 3732; x_wconf 83' lang='lat' dir='ltr'>vr.</span> <span class='ocrx_word' id='word_1_222' title='bbox 1139 3687 1221 3732; x_wconf 82' lang='lat'>28.</span> <span class='ocrx_word' id='word_1_223' title='bbox 1259 3684 1347 3733; x_wconf 91' lang='lat' dir='ltr'>ubi</span> <span class='ocrx_word' id='word_1_224' title='bbox 1386 3686 1631 3741; x_wconf 86' lang='lat' dir='ltr'>Vertran.</span> 
     </span>
     <span class='ocr_line' id='line_1_44' title="bbox 565 3755 1630 3819; baseline 0.006 -14"><span class='ocrx_word' id='word_1_225' title='bbox 565 3755 663 3805; x_wconf 86' lang='lat' dir='ltr'>Cui</span> <span class='ocrx_word' id='word_1_226' title='bbox 691 3762 886 3819; x_wconf 58' lang='lat' dir='ltr'>preter</span> <span class='ocrx_word' id='word_1_227' title='bbox 906 3766 1109 3807; x_wconf 82' lang='lat' dir='ltr'>ceteros</span> <span class='ocrx_word' id='word_1_228' title='bbox 1129 3757 1433 3809; x_wconf 83' lang='lat' dir='ltr'>adsentiunt</span> <span class='ocrx_word' id='word_1_229' title='bbox 1457 3760 1630 3812; x_wconf 80' lang='lat' dir='ltr'>Hora-</span> 
     </span>
     <span class='ocr_line' id='line_1_45' title="bbox 561 3833 1629 3895; baseline 0.006 -13"><span class='ocrx_word' id='word_1_230' title='bbox 561 3833 705 3895; x_wconf 85' lang='lat' dir='ltr'>pollo</span> <span class='ocrx_word' id='word_1_231' title='bbox 727 3834 881 3883; x_wconf 83' lang='lat' dir='ltr'>Hier.</span> <span class='ocrx_word' id='word_1_232' title='bbox 905 3849 945 3883; x_wconf 88' lang='lat'>1.</span> <span class='ocrx_word' id='word_1_233' title='bbox 978 3840 1061 3884; x_wconf 70' lang='grc'>35.</span> <span class='ocrx_word' id='word_1_234' title='bbox 1086 3845 1140 3885; x_wconf 89' lang='lat' dir='ltr'>et</span> <span class='ocrx_word' id='word_1_235' title='bbox 1162 3835 1441 3887; x_wconf 81' lang='lat' dir='ltr'>Scholiast.</span> <span class='ocrx_word' id='word_1_236' title='bbox 1467 3839 1629 3888; x_wconf 83' lang='lat' dir='ltr'>Luca-</span> 
     </span>
     <span class='ocr_line' id='line_1_46' title="bbox 562 3909 1629 3976; baseline 0.007 -19"><span class='ocrx_word' id='word_1_237' title='bbox 562 3909 719 3964; x_wconf 75' lang='lat' dir='ltr'>nivr.</span> <span class='ocrx_word' id='word_1_238' title='bbox 740 3913 855 3959; x_wconf 84' lang='grc'><strong>680.</strong></span> <span class='ocrx_word' id='word_1_239' title='bbox 890 3909 1088 3959; x_wconf 83' lang='lat' dir='ltr'>Confer</span> <span class='ocrx_word' id='word_1_240' title='bbox 1105 3927 1221 3976; x_wconf 77' lang='lat' dir='ltr'>quae</span> <span class='ocrx_word' id='word_1_241' title='bbox 1248 3912 1464 3961; x_wconf 81' lang='lat' dir='ltr'>Salmas.</span> <span class='ocrx_word' id='word_1_242' title='bbox 1491 3914 1629 3965; x_wconf 88' lang='lat' dir='ltr'>Pliu.</span> 
     </span>
     <span class='ocr_line' id='line_1_47' title="bbox 563 3986 1630 4049; baseline 0.005 -15"><span class='ocrx_word' id='word_1_243' title='bbox 563 3986 754 4036; x_wconf 81' lang='lat' dir='ltr'>Exere.</span> <span class='ocrx_word' id='word_1_244' title='bbox 809 4001 861 4049; x_wconf 94' lang='lat' dir='ltr'>p.</span> <span class='ocrx_word' id='word_1_245' title='bbox 904 3991 1019 4036; x_wconf 77' lang='grc'><strong>388.</strong></span> <span class='ocrx_word' id='word_1_246' title='bbox 1059 3994 1113 4036; x_wconf 87' lang='lat' dir='ltr'>et</span> <span class='ocrx_word' id='word_1_247' title='bbox 1149 3996 1255 4045; x_wconf 66' lang='lat' dir='ltr'>cet.</span> <span class='ocrx_word' id='word_1_248' title='bbox 1330 3988 1630 4040; x_wconf 79' lang='lat' dir='ltr'>Gatakerus</span> 
     </span>
     <span class='ocr_line' id='line_1_48' title="bbox 559 4061 1630 4117; baseline 0.007 -7"><span class='ocrx_word' id='word_1_249' title='bbox 559 4061 786 4111; x_wconf 78' lang='lat' dir='ltr'>Advers.</span> <span class='ocrx_word' id='word_1_250' title='bbox 811 4062 970 4111; x_wconf 84' lang='lat' dir='ltr'>Misc.</span> <span class='ocrx_word' id='word_1_251' title='bbox 993 4077 1032 4112; x_wconf 86' lang='grc' dir='ltr'>ι.</span> <span class='ocrx_word' id='word_1_252' title='bbox 1060 4067 1110 4112; x_wconf 77' lang='grc'>2.</span> <span class='ocrx_word' id='word_1_253' title='bbox 1138 4072 1192 4113; x_wconf 90' lang='lat' dir='ltr'>et</span> <span class='ocrx_word' id='word_1_254' title='bbox 1218 4065 1507 4115; x_wconf 82' lang='lat' dir='ltr'>Bochartus</span> <span class='ocrx_word' id='word_1_255' title='bbox 1535 4068 1630 4117; x_wconf 88' lang='lat' dir='ltr'>Hi·</span> 
     </span>
     <span class='ocr_line' id='line_1_49' title="bbox 561 4139 1142 4188; baseline 0.002 -4"><span class='ocrx_word' id='word_1_256' title='bbox 561 4150 703 4186; x_wconf 83' lang='lat' dir='ltr'>eroz.</span> <span class='ocrx_word' id='word_1_257' title='bbox 729 4151 791 4187; x_wconf 88' lang='lat' dir='ltr'>n.</span> <span class='ocrx_word' id='word_1_258' title='bbox 813 4141 863 4186; x_wconf 81' lang='grc'>6.</span> <span class='ocrx_word' id='word_1_259' title='bbox 886 4142 936 4185; x_wconf 82' lang='lat'>6.</span> <span class='ocrx_word' id='word_1_260' title='bbox 966 4139 1142 4188; x_wconf 76' lang='lat' dir='ltr'>Arntz.</span> 
     </span>
    </p>

    <p class='ocr_par' dir='ltr' id='par_1_8' title="bbox 562 4212 1628 4357">
     <span class='ocr_line' id='line_1_50' title="bbox 627 4212 1627 4278; baseline 0.005 -17"><span class='ocrx_word' id='word_1_261' title='bbox 627 4212 795 4262; x_wconf 75' lang='lat' dir='ltr'>Insula</span> <span class='ocrx_word' id='word_1_262' title='bbox 836 4212 1030 4278; x_wconf 69' lang='lat' dir='ltr'>ingens]</span> <span class='ocrx_word' id='word_1_263' title='bbox 1063 4212 1364 4276; x_wconf 89' lang='lat' dir='ltr'>Xipbilinus</span> <span class='ocrx_word' id='word_1_264' title='bbox 1411 4230 1627 4278; x_wconf 84' lang='lat' dir='ltr'>parvam</span> 
     </span>
     <span class='ocr_line' id='line_1_51' title="bbox 562 4288 1628 4357; baseline 0.007 -20"><span class='ocrx_word' id='word_1_265' title='bbox 562 4288 782 4340; x_wconf 85' lang='lat' dir='ltr'>insulam</span> <span class='ocrx_word' id='word_1_266' title='bbox 821 4304 987 4354; x_wconf 85' lang='lat' dir='ltr'>prope</span> <span class='ocrx_word' id='word_1_267' title='bbox 1023 4290 1251 4342; x_wconf 85' lang='lat' dir='ltr'>Theram</span> <span class='ocrx_word' id='word_1_268' title='bbox 1284 4291 1504 4344; x_wconf 85' lang='lat' dir='ltr'>insulam</span> <span class='ocrx_word' id='word_1_269' title='bbox 1537 4308 1628 4357; x_wconf 81' lang='lat' dir='ltr'>ap·</span> 
     </span>
    </p>
   </div>
   <div class='ocr_carea' id='block_1_6' title="bbox 1264 407 2078 460">
    <p class='ocr_par' dir='ltr' id='par_1_9' title="bbox 1264 407 2078 460">
     <span class='ocr_line' id='line_1_52' title="bbox 1264 407 2078 460; baseline 0.002 -3"><span class='ocrx_word' id='word_1_270' title='bbox 1264 408 1483 459; x_wconf 61' lang='lat' dir='ltr'>80⁹1·AE</span> <span class='ocrx_word' id='word_1_271' title='bbox 1532 407 1943 460; x_wconf 72' lang='lat' dir='ltr'>vsmontm</span> <span class='ocrx_word' id='word_1_272' title='bbox 1994 411 2078 459; x_wconf 77' lang='lat' dir='ltr'>m</span> 
     </span>
    </p>
   </div>
   <div class='ocr_carea' id='block_1_7' title="bbox 1704 552 2772 3056">
    <p class='ocr_par' dir='ltr' id='par_1_10' title="bbox 1704 552 2772 3056">
     <span class='ocr_line' id='line_1_53' title="bbox 1711 552 2764 622; baseline 0.006 -21"><span class='ocrx_word' id='word_1_273' title='bbox 1711 553 1949 615; x_wconf 85' lang='lat' dir='ltr'>paruisse</span> <span class='ocrx_word' id='word_1_274' title='bbox 1984 553 2170 604; x_wconf 83' lang='lat' dir='ltr'>scribit</span> <span class='ocrx_word' id='word_1_275' title='bbox 2202 568 2269 604; x_wconf 80' lang='lat' dir='ltr'>ex</span> <span class='ocrx_word' id='word_1_276' title='bbox 2299 552 2492 613; x_wconf 80' lang='lat' dir='ltr'>Dione,</span> <span class='ocrx_word' id='word_1_277' title='bbox 2517 555 2607 622; x_wconf 74' lang='lat' dir='ltr'>qai</span> <span class='ocrx_word' id='word_1_278' title='bbox 2628 559 2684 606; x_wconf 82' lang='lat' dir='ltr'>et</span> <span class='ocrx_word' id='word_1_279' title='bbox 2704 555 2764 607; x_wconf 85' lang='lat' dir='ltr'>de</span> 
     </span>
     <span class='ocr_line' id='line_1_54' title="bbox 1711 627 2766 696; baseline 0.006 -21"><span class='ocrx_word' id='word_1_280' title='bbox 1711 627 1834 677; x_wconf 91' lang='lat' dir='ltr'>solis</span> <span class='ocrx_word' id='word_1_281' title='bbox 1878 628 2120 693; x_wconf 60' lang='lat' dir='ltr'>lunaque</span> <span class='ocrx_word' id='word_1_282' title='bbox 2162 628 2465 680; x_wconf 76' lang='lat' dir='ltr'>defectione</span> <span class='ocrx_word' id='word_1_283' title='bbox 2501 632 2766 696; x_wconf 78' lang='lat' dir='ltr'>eleganter</span> 
     </span>
     <span class='ocr_line' id='line_1_55' title="bbox 1711 701 2767 770; baseline 0.007 -19"><span class='ocrx_word' id='word_1_284' title='bbox 1711 701 1945 767; x_wconf 83' lang='lat' dir='ltr'>disputat</span> <span class='ocrx_word' id='word_1_285' title='bbox 1985 705 2039 753; x_wconf 83' lang='lat' dir='ltr'>in</span> <span class='ocrx_word' id='word_1_286' title='bbox 2085 705 2323 756; x_wconf 81' lang='lat' dir='ltr'>Claudio.</span> <span class='ocrx_word' id='word_1_287' title='bbox 2387 705 2514 770; x_wconf 89' lang='lat' dir='ltr'>Ipse</span> <span class='ocrx_word' id='word_1_288' title='bbox 2550 707 2652 757; x_wconf 89' lang='lat' dir='ltr'>Dio</span> <span class='ocrx_word' id='word_1_289' title='bbox 2683 708 2767 760; x_wconf 79' lang='lat' dir='ltr'>lib.</span> 
     </span>
     <span class='ocr_line' id='line_1_56' title="bbox 1711 779 2768 834; baseline 0.005 -6"><span class='ocrx_word' id='word_1_290' title='bbox 1711 791 1800 829; x_wconf 71' lang='grc' dir='ltr'>ιι.</span> <span class='ocrx_word' id='word_1_291' title='bbox 1835 779 2023 830; x_wconf 68' lang='lat' dir='ltr'>Sciron.</span> <span class='ocrx_word' id='word_1_292' title='bbox 2093 781 2204 831; x_wconf 81' lang='lat' dir='ltr'>Hos</span> <span class='ocrx_word' id='word_1_293' title='bbox 2240 797 2400 832; x_wconf 82' lang='lat' dir='ltr'>annos</span> <span class='ocrx_word' id='word_1_294' title='bbox 2445 797 2552 832; x_wconf 92' lang='lat' dir='ltr'>non</span> <span class='ocrx_word' id='word_1_295' title='bbox 2585 798 2768 834; x_wconf 82' lang='lat' dir='ltr'>conve-</span> 
     </span>
     <span class='ocr_line' id='line_1_57' title="bbox 1710 854 2770 916; baseline 0.006 -13"><span class='ocrx_word' id='word_1_296' title='bbox 1710 854 1842 916; x_wconf 86' lang='lat' dir='ltr'>nire,</span> <span class='ocrx_word' id='word_1_297' title='bbox 1866 854 1959 904; x_wconf 87' lang='lat' dir='ltr'>sed</span> <span class='ocrx_word' id='word_1_298' title='bbox 1982 868 2137 906; x_wconf 79' lang='lat' dir='ltr'>ncce-</span> <span class='ocrx_word' id='word_1_299' title='bbox 2169 858 2237 907; x_wconf 89' lang='lat' dir='ltr'>U.</span> <span class='ocrx_word' id='word_1_300' title='bbox 2262 857 2325 908; x_wconf 86' lang='lat' dir='ltr'>C.</span> <span class='ocrx_word' id='word_1_301' title='bbox 2352 871 2544 908; x_wconf 86' lang='lat' dir='ltr'>annum</span> <span class='ocrx_word' id='word_1_302' title='bbox 2571 867 2770 909; x_wconf 74' lang='lat' dir='ltr'>vertere</span> 
     </span>
     <span class='ocr_line' id='line_1_58' title="bbox 1710 931 2772 997; baseline 0.005 -19"><span class='ocrx_word' id='word_1_303' title='bbox 1710 942 1829 978; x_wconf 85' lang='lat' dir='ltr'>cum</span> <span class='ocrx_word' id='word_1_304' title='bbox 1852 943 1987 978; x_wconf 79' lang='lat' dir='ltr'>auno</span> <span class='ocrx_word' id='word_1_305' title='bbox 2022 945 2077 981; x_wconf 84' lang='lat' dir='ltr'>v.</span> <span class='ocrx_word' id='word_1_306' title='bbox 2112 931 2319 981; x_wconf 75' lang='lat' dir='ltr'>Claudii</span> <span class='ocrx_word' id='word_1_307' title='bbox 2340 932 2453 997; x_wconf 87' lang='lat' dir='ltr'>jam</span> <span class='ocrx_word' id='word_1_308' title='bbox 2474 932 2772 984; x_wconf 69' lang='lat' dir='ltr'>observavit</span> 
     </span>
     <span class='ocr_line' id='line_1_59' title="bbox 1709 1004 2772 1074; baseline 0.004 -20"><span class='ocrx_word' id='word_1_309' title='bbox 1709 1004 1916 1055; x_wconf 79' lang='lat' dir='ltr'>Samuel</span> <span class='ocrx_word' id='word_1_310' title='bbox 1949 1006 2159 1056; x_wconf 72' lang='lat' dir='ltr'>Petitur</span> <span class='ocrx_word' id='word_1_311' title='bbox 2184 1006 2313 1056; x_wconf 86' lang='lat' dir='ltr'>Obs.</span> <span class='ocrx_word' id='word_1_312' title='bbox 2339 1021 2379 1057; x_wconf 89' lang='lat'>1.</span> <span class='ocrx_word' id='word_1_313' title='bbox 2404 1012 2451 1056; x_wconf 90' lang='grc'>1.</span> <span class='ocrx_word' id='word_1_314' title='bbox 2481 1023 2538 1071; x_wconf 87' lang='lat' dir='ltr'>p.</span> <span class='ocrx_word' id='word_1_315' title='bbox 2574 1013 2627 1057; x_wconf 79' lang='lat'>5.</span> <span class='ocrx_word' id='word_1_316' title='bbox 2649 1009 2772 1074; x_wconf 86' lang='lat' dir='ltr'>adji-</span> 
     </span>
     <span class='ocr_line' id='line_1_60' title="bbox 1708 1080 2772 1149; baseline 0.005 -20"><span class='ocrx_word' id='word_1_317' title='bbox 1708 1080 1852 1130; x_wconf 86' lang='lat' dir='ltr'>ciens</span> <span class='ocrx_word' id='word_1_318' title='bbox 1886 1082 2164 1145; x_wconf 86' lang='lat' dir='ltr'>deceptum</span> <span class='ocrx_word' id='word_1_319' title='bbox 2191 1098 2304 1133; x_wconf 90' lang='lat' dir='ltr'>esse</span> <span class='ocrx_word' id='word_1_320' title='bbox 2339 1084 2613 1141; x_wconf 79' lang='lat' dir='ltr'>Nostrum,</span> <span class='ocrx_word' id='word_1_321' title='bbox 2638 1084 2772 1149; x_wconf 87' lang='lat' dir='ltr'>quod</span> 
     </span>
     <span class='ocr_line' id='line_1_61' title="bbox 1710 1156 2772 1221; baseline 0.008 -16"><span class='ocrx_word' id='word_1_322' title='bbox 1710 1156 1776 1206; x_wconf 89' lang='lat' dir='ltr'>de</span> <span class='ocrx_word' id='word_1_323' title='bbox 1814 1158 2048 1221; x_wconf 87' lang='lat' dir='ltr'>phoeuice</span> <span class='ocrx_word' id='word_1_324' title='bbox 2077 1159 2277 1209; x_wconf 85' lang='lat' dir='ltr'>referat</span> <span class='ocrx_word' id='word_1_325' title='bbox 2313 1161 2377 1209; x_wconf 88' lang='lat' dir='ltr'>ad</span> <span class='ocrx_word' id='word_1_326' title='bbox 2402 1176 2593 1211; x_wconf 88' lang='lat' dir='ltr'>annum</span> <span class='ocrx_word' id='word_1_327' title='bbox 2617 1174 2772 1213; x_wconf 77' lang='lat' dir='ltr'>neoc·</span> 
     </span>
     <span class='ocr_line' id='line_1_62' title="bbox 1709 1233 2772 1295; baseline 0.006 -15"><span class='ocrx_word' id='word_1_328' title='bbox 1709 1233 1959 1295; x_wconf 65' lang='lat' dir='ltr'>qui&#39;visus</span> <span class='ocrx_word' id='word_1_329' title='bbox 1994 1234 2094 1285; x_wconf 77' lang='lat' dir='ltr'>fuit</span> <span class='ocrx_word' id='word_1_330' title='bbox 2124 1248 2491 1286; x_wconf 77' lang='lat' dir='ltr'>occuxxvn.</span> <span class='ocrx_word' id='word_1_331' title='bbox 2513 1237 2609 1287; x_wconf 88' lang='lat' dir='ltr'>sed</span> <span class='ocrx_word' id='word_1_332' title='bbox 2634 1251 2772 1286; x_wconf 89' lang='lat' dir='ltr'>erro-</span> 
     </span>
     <span class='ocr_line' id='line_1_63' title="bbox 1710 1310 2771 1364; baseline 0.008 -7"><span class='ocrx_word' id='word_1_333' title='bbox 1710 1322 1819 1358; x_wconf 89' lang='lat' dir='ltr'>rem</span> <span class='ocrx_word' id='word_1_334' title='bbox 1853 1325 1964 1361; x_wconf 84' lang='lat' dir='ltr'>esse</span> <span class='ocrx_word' id='word_1_335' title='bbox 1999 1318 2179 1361; x_wconf 87' lang='lat' dir='ltr'>natum</span> <span class='ocrx_word' id='word_1_336' title='bbox 2213 1326 2278 1361; x_wconf 79' lang='lat' dir='ltr'>ex</span> <span class='ocrx_word' id='word_1_337' title='bbox 2309 1310 2615 1363; x_wconf 85' lang='lat' dir='ltr'>confusione</span> <span class='ocrx_word' id='word_1_338' title='bbox 2647 1313 2771 1364; x_wconf 80' lang='lat' dir='ltr'>dao-</span> 
     </span>
     <span class='ocr_line' id='line_1_64' title="bbox 1707 1386 2770 1453; baseline 0.007 -21"><span class='ocrx_word' id='word_1_339' title='bbox 1707 1396 1822 1433; x_wconf 86' lang='lat' dir='ltr'>rum</span> <span class='ocrx_word' id='word_1_340' title='bbox 1845 1386 2205 1436; x_wconf 77' lang='lat' dir='ltr'>consulatuum</span> <span class='ocrx_word' id='word_1_341' title='bbox 2229 1388 2454 1451; x_wconf 86' lang='lat' dir='ltr'>Vitellii,</span> <span class='ocrx_word' id='word_1_342' title='bbox 2474 1389 2566 1453; x_wconf 78' lang='lat' dir='ltr'>qui</span> <span class='ocrx_word' id='word_1_343' title='bbox 2589 1389 2643 1439; x_wconf 88' lang='lat' dir='ltr'>in</span> <span class='ocrx_word' id='word_1_344' title='bbox 2664 1390 2770 1439; x_wconf 84' lang='lat' dir='ltr'>illos</span> 
     </span>
     <span class='ocr_line' id='line_1_65' title="bbox 1709 1463 2769 1524; baseline 0.006 -14"><span class='ocrx_word' id='word_1_345' title='bbox 1709 1474 1872 1511; x_wconf 86' lang='lat' dir='ltr'>annos</span> <span class='ocrx_word' id='word_1_346' title='bbox 1895 1463 2207 1513; x_wconf 86' lang='lat' dir='ltr'>inciderunt.</span> <span class='ocrx_word' id='word_1_347' title='bbox 2249 1464 2438 1515; x_wconf 89' lang='lat' dir='ltr'>Potius</span> <span class='ocrx_word' id='word_1_348' title='bbox 2457 1466 2673 1524; x_wconf 86' lang='lat' dir='ltr'>dixeris,</span> <span class='ocrx_word' id='word_1_349' title='bbox 2695 1480 2769 1515; x_wconf 89' lang='lat' dir='ltr'>er·</span> 
     </span>
     <span class='ocr_line' id='line_1_66' title="bbox 1707 1539 2768 1606; baseline 0.008 -22"><span class='ocrx_word' id='word_1_350' title='bbox 1707 1551 1825 1586; x_wconf 85' lang='lat' dir='ltr'>rare</span> <span class='ocrx_word' id='word_1_351' title='bbox 1853 1552 1970 1589; x_wconf 89' lang='lat' dir='ltr'>cum</span> <span class='ocrx_word' id='word_1_352' title='bbox 2007 1539 2128 1602; x_wconf 88' lang='lat' dir='ltr'>illis,</span> <span class='ocrx_word' id='word_1_353' title='bbox 2151 1541 2238 1605; x_wconf 81' lang='lat' dir='ltr'>qni</span> <span class='ocrx_word' id='word_1_354' title='bbox 2265 1541 2654 1606; x_wconf 80' lang='lat' dir='ltr'>existimarunt,</span> <span class='ocrx_word' id='word_1_355' title='bbox 2687 1556 2768 1592; x_wconf 77' lang='lat' dir='ltr'>vo·</span> 
     </span>
     <span class='ocr_line' id='line_1_67' title="bbox 1708 1612 2768 1680; baseline 0.008 -20"><span class='ocrx_word' id='word_1_356' title='bbox 1708 1612 1905 1663; x_wconf 85' lang='lat' dir='ltr'>luerem</span> <span class='ocrx_word' id='word_1_357' title='bbox 1939 1615 2099 1676; x_wconf 86' lang='lat' dir='ltr'>illam,</span> <span class='ocrx_word' id='word_1_358' title='bbox 2137 1631 2255 1680; x_wconf 73' lang='lat' dir='ltr'>quoe</span> <span class='ocrx_word' id='word_1_359' title='bbox 2299 1630 2435 1667; x_wconf 87' lang='lat' dir='ltr'>anno</span> <span class='ocrx_word' id='word_1_360' title='bbox 2480 1630 2638 1667; x_wconf 81' lang='lat' dir='ltr'>noco.</span> <span class='ocrx_word' id='word_1_361' title='bbox 2672 1618 2768 1668; x_wconf 79' lang='lat' dir='ltr'>Ro-</span> 
     </span>
     <span class='ocr_line' id='line_1_68' title="bbox 1707 1690 2766 1756; baseline 0.005 -20"><span class='ocrx_word' id='word_1_362' title='bbox 1707 1701 1842 1738; x_wconf 84' lang='lat' dir='ltr'>mam</span> <span class='ocrx_word' id='word_1_363' title='bbox 1889 1690 2049 1740; x_wconf 79' lang='lat' dir='ltr'>allata</span> <span class='ocrx_word' id='word_1_364' title='bbox 2101 1701 2202 1756; x_wconf 90' lang='lat' dir='ltr'>est,</span> <span class='ocrx_word' id='word_1_365' title='bbox 2256 1691 2417 1742; x_wconf 80' lang='lat' dir='ltr'>fuisse</span> <span class='ocrx_word' id='word_1_366' title='bbox 2460 1694 2766 1755; x_wconf 79' lang='lat' dir='ltr'>phoenicem,</span> 
     </span>
     <span class='ocr_line' id='line_1_69' title="bbox 1707 1767 2769 1828; baseline 0.005 -16"><span class='ocrx_word' id='word_1_367' title='bbox 1707 1777 1863 1828; x_wconf 82' lang='lat' dir='ltr'>quem</span> <span class='ocrx_word' id='word_1_368' title='bbox 1895 1778 2124 1815; x_wconf 89' lang='lat' dir='ltr'>errorem</span> <span class='ocrx_word' id='word_1_369' title='bbox 2160 1768 2211 1815; x_wconf 87' lang='lat' dir='ltr'>in</span> <span class='ocrx_word' id='word_1_370' title='bbox 2234 1767 2409 1817; x_wconf 90' lang='lat' dir='ltr'>Solino</span> <span class='ocrx_word' id='word_1_371' title='bbox 2431 1770 2635 1818; x_wconf 76' lang='lat' dir='ltr'>notarit</span> <span class='ocrx_word' id='word_1_372' title='bbox 2663 1768 2769 1820; x_wconf 84' lang='lat' dir='ltr'>Sal·</span> 
     </span>
     <span class='ocr_line' id='line_1_70' title="bbox 1705 1837 2769 1907; baseline 0.006 -18"><span class='ocrx_word' id='word_1_373' title='bbox 1705 1855 1834 1891; x_wconf 87' lang='lat' dir='ltr'>mas.</span> <span class='ocrx_word' id='word_1_374' title='bbox 1868 1842 1921 1891; x_wconf 91' lang='lat' dir='ltr'>in</span> <span class='ocrx_word' id='word_1_375' title='bbox 1955 1842 2144 1893; x_wconf 76' lang='lat' dir='ltr'>Exere.</span> <span class='ocrx_word' id='word_1_376' title='bbox 2182 1859 2234 1907; x_wconf 88' lang='lat' dir='ltr'>p.</span> <span class='ocrx_word' id='word_1_377' title='bbox 2268 1848 2383 1895; x_wconf 73' lang='lat'><strong>39⁰.</strong></span> <span class='ocrx_word' id='word_1_378' title='bbox 2417 1851 2472 1894; x_wconf 82' lang='lat' dir='ltr'>et</span> <span class='ocrx_word' id='word_1_379' title='bbox 2503 1845 2571 1894; x_wconf 91' lang='lat' dir='ltr'>de</span> <span class='ocrx_word' id='word_1_380' title='bbox 2597 1837 2769 1895; x_wconf 78' lang='lat' dir='ltr'>errore</span> 
     </span>
     <span class='ocr_line' id='line_1_71' title="bbox 1706 1916 2771 1984; baseline 0.004 -18"><span class='ocrx_word' id='word_1_381' title='bbox 1706 1916 1763 1966; x_wconf 88' lang='lat' dir='ltr'>in</span> <span class='ocrx_word' id='word_1_382' title='bbox 1802 1919 2147 1982; x_wconf 86' lang='lat' dir='ltr'>supponendo</span> <span class='ocrx_word' id='word_1_383' title='bbox 2170 1919 2370 1969; x_wconf 87' lang='lat' dir='ltr'>calculo</span> <span class='ocrx_word' id='word_1_384' title='bbox 2393 1933 2642 1970; x_wconf 84' lang='lat' dir='ltr'>annornm</span> <span class='ocrx_word' id='word_1_385' title='bbox 2665 1920 2771 1984; x_wconf 78' lang='lat' dir='ltr'>agit</span> 
     </span>
     <span class='ocr_line' id='line_1_72' title="bbox 1706 1992 2767 2059; baseline 0.005 -19"><span class='ocrx_word' id='word_1_386' title='bbox 1706 1992 1863 2049; x_wconf 83' lang='lat' dir='ltr'>etiam</span> <span class='ocrx_word' id='word_1_387' title='bbox 1889 1993 2123 2059; x_wconf 75' lang='lat' dir='ltr'>Scaliger</span> <span class='ocrx_word' id='word_1_388' title='bbox 2156 1995 2223 2045; x_wconf 92' lang='lat' dir='ltr'>de</span> <span class='ocrx_word' id='word_1_389' title='bbox 2260 1994 2477 2045; x_wconf 88' lang='lat' dir='ltr'>Emeud.</span> <span class='ocrx_word' id='word_1_390' title='bbox 2509 1996 2697 2059; x_wconf 84' lang='lat' dir='ltr'>Temp.</span> <span class='ocrx_word' id='word_1_391' title='bbox 2718 2010 2767 2059; x_wconf 84' lang='lat' dir='ltr'>p.</span> 
     </span>
     <span class='ocr_line' id='line_1_73' title="bbox 1705 2068 2766 2134; baseline 0.006 -18"><span class='ocrx_word' id='word_1_392' title='bbox 1705 2071 1821 2116; x_wconf 77' lang='grc'><strong>467.</strong></span> <span class='ocrx_word' id='word_1_393' title='bbox 1888 2068 2131 2118; x_wconf 87' lang='lat' dir='ltr'>Ceterum</span> <span class='ocrx_word' id='word_1_394' title='bbox 2154 2069 2410 2134; x_wconf 88' lang='lat' dir='ltr'>quomodo</span> <span class='ocrx_word' id='word_1_395' title='bbox 2434 2070 2568 2119; x_wconf 84' lang='lat' dir='ltr'>tales</span> <span class='ocrx_word' id='word_1_396' title='bbox 2591 2070 2766 2122; x_wconf 65' lang='lat' dir='ltr'>insule</span> 
     </span>
     <span class='ocr_line' id='line_1_74' title="bbox 1705 2149 2768 2212; baseline 0.006 -18"><span class='ocrx_word' id='word_1_397' title='bbox 1705 2154 1986 2197; x_wconf 83' lang='lat' dir='ltr'>nascantur</span> <span class='ocrx_word' id='word_1_398' title='bbox 2022 2150 2202 2212; x_wconf 86' lang='lat' dir='ltr'>pulcre</span> <span class='ocrx_word' id='word_1_399' title='bbox 2233 2149 2499 2212; x_wconf 80' lang='lat' dir='ltr'>colligitur</span> <span class='ocrx_word' id='word_1_400' title='bbox 2521 2162 2588 2198; x_wconf 83' lang='lat' dir='ltr'>ex</span> <span class='ocrx_word' id='word_1_401' title='bbox 2614 2150 2768 2201; x_wconf 85' lang='lat' dir='ltr'>Sene·</span> 
     </span>
     <span class='ocr_line' id='line_1_75' title="bbox 1706 2222 2768 2276; baseline 0.004 -4"><span class='ocrx_word' id='word_1_402' title='bbox 1706 2236 1771 2272; x_wconf 83' lang='lat' dir='ltr'>ca</span> <span class='ocrx_word' id='word_1_403' title='bbox 1794 2222 1920 2273; x_wconf 83' lang='lat' dir='ltr'>Nat.</span> <span class='ocrx_word' id='word_1_404' title='bbox 1938 2224 2141 2275; x_wconf 73' lang='lat' dir='ltr'>Quaest.</span> <span class='ocrx_word' id='word_1_405' title='bbox 2162 2238 2226 2275; x_wconf 85' lang='lat' dir='ltr'>u.</span> <span class='ocrx_word' id='word_1_406' title='bbox 2245 2229 2330 2276; x_wconf 77' lang='grc'>26.</span> <span class='ocrx_word' id='word_1_407' title='bbox 2353 2225 2369 2252; x_wconf 87' lang='lat'>‘</span> <span class='ocrx_word' id='word_1_408' title='bbox 2387 2226 2518 2276; x_wconf 87' lang='lat' dir='ltr'>Cum</span> <span class='ocrx_word' id='word_1_409' title='bbox 2535 2226 2704 2276; x_wconf 78' lang='lat' dir='ltr'>insula</span> <span class='ocrx_word' id='word_1_410' title='bbox 2719 2227 2768 2276; x_wconf 85' lang='lat' dir='ltr'>iu</span> 
     </span>
     <span class='ocr_line' id='line_1_76' title="bbox 1704 2297 2770 2366; baseline 0.003 -17"><span class='ocrx_word' id='word_1_411' title='bbox 1704 2297 1884 2362; x_wconf 70' lang='lat' dir='ltr'>AEgaeo</span> <span class='ocrx_word' id='word_1_412' title='bbox 1921 2302 2050 2350; x_wconf 86' lang='lat' dir='ltr'>mari</span> <span class='ocrx_word' id='word_1_413' title='bbox 2082 2309 2344 2366; x_wconf 79' lang='lat' dir='ltr'>surgeret,</span> <span class='ocrx_word' id='word_1_414' title='bbox 2380 2302 2662 2365; x_wconf 78' lang='lat' dir='ltr'>spumabat</span> <span class='ocrx_word' id='word_1_415' title='bbox 2699 2304 2770 2352; x_wconf 90' lang='lat' dir='ltr'>iu·</span> 
     </span>
     <span class='ocr_line' id='line_1_77' title="bbox 1707 2376 2765 2436; baseline 0.004 -11"><span class='ocrx_word' id='word_1_416' title='bbox 1707 2377 1875 2427; x_wconf 84' lang='lat' dir='ltr'>terdiu</span> <span class='ocrx_word' id='word_1_417' title='bbox 1900 2391 2061 2436; x_wconf 85' lang='lat' dir='ltr'>mare,</span> <span class='ocrx_word' id='word_1_418' title='bbox 2082 2384 2138 2427; x_wconf 88' lang='lat' dir='ltr'>et</span> <span class='ocrx_word' id='word_1_419' title='bbox 2159 2376 2331 2428; x_wconf 86' lang='lat' dir='ltr'>fumus</span> <span class='ocrx_word' id='word_1_420' title='bbox 2353 2393 2420 2427; x_wconf 83' lang='lat' dir='ltr'>ex</span> <span class='ocrx_word' id='word_1_421' title='bbox 2443 2378 2553 2428; x_wconf 86' lang='lat' dir='ltr'>alto</span> <span class='ocrx_word' id='word_1_422' title='bbox 2567 2376 2765 2430; x_wconf 86' lang='lat' dir='ltr'>fereba-</span> 
     </span>
     <span class='ocr_line' id='line_1_78' title="bbox 1708 2452 2768 2518; baseline 0.009 -19"><span class='ocrx_word' id='word_1_423' title='bbox 1708 2459 1811 2500; x_wconf 87' lang='lat' dir='ltr'>tur.</span> <span class='ocrx_word' id='word_1_424' title='bbox 1878 2453 2016 2502; x_wconf 83' lang='lat' dir='ltr'>Nam</span> <span class='ocrx_word' id='word_1_425' title='bbox 2051 2452 2260 2504; x_wconf 87' lang='lat' dir='ltr'>demum</span> <span class='ocrx_word' id='word_1_426' title='bbox 2297 2452 2556 2518; x_wconf 81' lang='lat' dir='ltr'>prodebat</span> <span class='ocrx_word' id='word_1_427' title='bbox 2581 2454 2768 2518; x_wconf 72' lang='lat' dir='ltr'>ignem·</span> 
     </span>
     <span class='ocr_line' id='line_1_79' title="bbox 1709 2529 2771 2592; baseline 0.004 -16"><span class='ocrx_word' id='word_1_428' title='bbox 1709 2542 1810 2577; x_wconf 90' lang='lat' dir='ltr'>non</span> <span class='ocrx_word' id='word_1_429' title='bbox 1857 2530 2180 2592; x_wconf 88' lang='lat' dir='ltr'>continuum,</span> <span class='ocrx_word' id='word_1_430' title='bbox 2231 2529 2324 2579; x_wconf 90' lang='lat' dir='ltr'>sed</span> <span class='ocrx_word' id='word_1_431' title='bbox 2379 2546 2445 2579; x_wconf 78' lang='lat' dir='ltr'>ex</span> <span class='ocrx_word' id='word_1_432' title='bbox 2489 2532 2771 2582; x_wconf 83' lang='lat' dir='ltr'>intervallis</span> 
     </span>
     <span class='ocr_line' id='line_1_80' title="bbox 1707 2604 2768 2672; baseline 0.003 -19"><span class='ocrx_word' id='word_1_433' title='bbox 1707 2604 2035 2663; x_wconf 80' lang='lat' dir='ltr'>emicantem,</span> <span class='ocrx_word' id='word_1_434' title='bbox 2072 2604 2345 2656; x_wconf 82' lang='lat' dir='ltr'>fulminum</span> <span class='ocrx_word' id='word_1_435' title='bbox 2379 2622 2541 2662; x_wconf 87' lang='lat' dir='ltr'>more,</span> <span class='ocrx_word' id='word_1_436' title='bbox 2563 2608 2768 2672; x_wconf 88' lang='lat' dir='ltr'>quoties</span> 
     </span>
     <span class='ocr_line' id='line_1_81' title="bbox 1707 2682 2771 2749; baseline 0.002 -17"><span class='ocrx_word' id='word_1_437' title='bbox 1707 2682 1861 2732; x_wconf 87' lang='lat' dir='ltr'>ardor</span> <span class='ocrx_word' id='word_1_438' title='bbox 1884 2682 2096 2734; x_wconf 80' lang='lat' dir='ltr'>inferius</span> <span class='ocrx_word' id='word_1_439' title='bbox 2118 2683 2351 2749; x_wconf 83' lang='lat' dir='ltr'>jacentis</span> <span class='ocrx_word' id='word_1_440' title='bbox 2372 2699 2623 2748; x_wconf 87' lang='lat' dir='ltr'>superum</span> <span class='ocrx_word' id='word_1_441' title='bbox 2648 2700 2771 2749; x_wconf 88' lang='lat' dir='ltr'>pon·</span> 
     </span>
     <span class='ocr_line' id='line_1_82' title="bbox 1706 2759 2770 2813; baseline 0.004 -5"><span class='ocrx_word' id='word_1_442' title='bbox 1706 2759 1799 2808; x_wconf 86' lang='lat' dir='ltr'>dus</span> <span class='ocrx_word' id='word_1_443' title='bbox 1818 2761 2070 2811; x_wconf 79' lang='lat' dir='ltr'>evicerat.</span> <span class='ocrx_word' id='word_1_444' title='bbox 2139 2761 2344 2811; x_wconf 88' lang='lat' dir='ltr'>Deinde</span> <span class='ocrx_word' id='word_1_445' title='bbox 2382 2776 2508 2811; x_wconf 86' lang='lat' dir='ltr'>saxa</span> <span class='ocrx_word' id='word_1_446' title='bbox 2537 2763 2770 2813; x_wconf 83' lang='lat' dir='ltr'>revoluta</span> 
     </span>
     <span class='ocr_line' id='line_1_83' title="bbox 1705 2838 2769 2903; baseline 0.002 -17"><span class='ocrx_word' id='word_1_447' title='bbox 1705 2850 1986 2902; x_wconf 83' lang='lat' dir='ltr'>rupesque,</span> <span class='ocrx_word' id='word_1_448' title='bbox 2024 2839 2212 2902; x_wconf 84' lang='lat' dir='ltr'>partim</span> <span class='ocrx_word' id='word_1_449' title='bbox 2237 2838 2436 2901; x_wconf 74' lang='lat' dir='ltr'>illaesae,</span> <span class='ocrx_word' id='word_1_450' title='bbox 2469 2851 2600 2902; x_wconf 81' lang='lat' dir='ltr'>quas</span> <span class='ocrx_word' id='word_1_451' title='bbox 2624 2839 2769 2903; x_wconf 83' lang='lat' dir='ltr'>spiri·</span> 
     </span>
     <span class='ocr_line' id='line_1_84' title="bbox 1706 2915 2770 2978; baseline 0.003 -16"><span class='ocrx_word' id='word_1_452' title='bbox 1706 2920 1810 2976; x_wconf 82' lang='lat' dir='ltr'>tus,</span> <span class='ocrx_word' id='word_1_453' title='bbox 1835 2925 2115 2978; x_wconf 73' lang='lat' dir='ltr'>antequem</span> <span class='ocrx_word' id='word_1_454' title='bbox 2148 2923 2460 2977; x_wconf 79' lang='lat' dir='ltr'>verteretur,</span> <span class='ocrx_word' id='word_1_455' title='bbox 2479 2915 2770 2978; x_wconf 78' lang='lat' dir='ltr'>expulerat,</span> 
     </span>
     <span class='ocr_line' id='line_1_85' title="bbox 1706 2993 2768 3056; baseline 0.001 -16"><span class='ocrx_word' id='word_1_456' title='bbox 1706 2993 1897 3053; x_wconf 81' lang='lat' dir='ltr'>partim</span> <span class='ocrx_word' id='word_1_457' title='bbox 1945 3006 2137 3056; x_wconf 60' lang='lat' dir='ltr'>exesa,</span> <span class='ocrx_word' id='word_1_458' title='bbox 2186 2994 2493 3042; x_wconf 80' lang='lat' dir='ltr'>novissime.</span> <span class='ocrx_word' id='word_1_459' title='bbox 2523 3007 2768 3043; x_wconf 76' lang='lat' dir='ltr'>cacumen</span> 
     </span>
    </p>
   </div>
   <div class='ocr_carea' id='block_1_8' title="bbox 1687 3064 2769 3120">
    <p class='ocr_par' dir='ltr' id='par_1_11' title="bbox 1687 3064 2769 3120">
     <span class='ocr_line' id='line_1_86' title="bbox 1687 3064 2769 3120; baseline 0.002 -2"><span class='ocrx_word' id='word_1_460' title='bbox 1687 3064 1876 3119; x_wconf 74' lang='lat' dir='ltr'>&#39;exusti</span> <span class='ocrx_word' id='word_1_461' title='bbox 1896 3070 2086 3119; x_wconf 85' lang='lat' dir='ltr'>montis</span> <span class='ocrx_word' id='word_1_462' title='bbox 2109 3069 2340 3119; x_wconf 86' lang='lat' dir='ltr'>emicuit.</span> <span class='ocrx_word' id='word_1_463' title='bbox 2381 3069 2575 3119; x_wconf 80' lang='lat' dir='ltr'>Postea</span> <span class='ocrx_word' id='word_1_464' title='bbox 2596 3070 2769 3120; x_wconf 83' lang='lat' dir='ltr'>aititu-</span> 
     </span>
    </p>
   </div>
   <div class='ocr_carea' id='block_1_9' title="bbox 1702 3144 2770 4283">
    <p class='ocr_par' dir='ltr' id='par_1_12' title="bbox 1702 3144 2770 4283">
     <span class='ocr_line' id='line_1_87' title="bbox 1706 3144 2768 3211; baseline 0.002 -16"><span class='ocrx_word' id='word_1_465' title='bbox 1706 3144 1813 3195; x_wconf 90' lang='lat' dir='ltr'>dini</span> <span class='ocrx_word' id='word_1_466' title='bbox 1834 3146 2120 3210; x_wconf 83' lang='lat' dir='ltr'>adjectum,</span> <span class='ocrx_word' id='word_1_467' title='bbox 2137 3156 2192 3197; x_wconf 89' lang='lat' dir='ltr'>et</span> <span class='ocrx_word' id='word_1_468' title='bbox 2210 3161 2390 3196; x_wconf 81' lang='lat' dir='ltr'>saxum</span> <span class='ocrx_word' id='word_1_469' title='bbox 2410 3146 2538 3196; x_wconf 84' lang='lat' dir='ltr'>iliud</span> <span class='ocrx_word' id='word_1_470' title='bbox 2555 3147 2610 3197; x_wconf 89' lang='lat' dir='ltr'>in</span> <span class='ocrx_word' id='word_1_471' title='bbox 2632 3161 2768 3211; x_wconf 85' lang='lat' dir='ltr'>mag·</span> 
     </span>
     <span class='ocr_line' id='line_1_88' title="bbox 1705 3220 2770 3272; baseline 0.001 -2"><span class='ocrx_word' id='word_1_472' title='bbox 1705 3221 1995 3272; x_wconf 82' lang='lat' dir='ltr'>nitudinem</span> <span class='ocrx_word' id='word_1_473' title='bbox 2017 3222 2201 3272; x_wconf 77' lang='lat' dir='ltr'>iusulae</span> <span class='ocrx_word' id='word_1_474' title='bbox 2225 3222 2414 3271; x_wconf 79' lang='lat' dir='ltr'>crevit.</span> <span class='ocrx_word' id='word_1_475' title='bbox 2478 3220 2633 3272; x_wconf 86' lang='lat' dir='ltr'>Idem</span> <span class='ocrx_word' id='word_1_476' title='bbox 2658 3238 2770 3271; x_wconf 88' lang='lat' dir='ltr'>nos·</span> 
     </span>
     <span class='ocr_line' id='line_1_89' title="bbox 1707 3298 2768 3361; baseline -0.001 -13"><span class='ocrx_word' id='word_1_477' title='bbox 1707 3307 1787 3348; x_wconf 88' lang='lat' dir='ltr'>tra</span> <span class='ocrx_word' id='word_1_478' title='bbox 1811 3301 2057 3349; x_wconf 90' lang='lat' dir='ltr'>memoria</span> <span class='ocrx_word' id='word_1_479' title='bbox 2088 3298 2314 3349; x_wconf 62' lang='lat' dir='ltr'>accidit)</span> <span class='ocrx_word' id='word_1_480' title='bbox 2381 3300 2768 3361; x_wconf 71' lang='lat' dir='ltr'>Novarumigi·</span> 
     </span>
     <span class='ocr_line' id='line_1_90' title="bbox 1704 3373 2768 3441; baseline 0.002 -18"><span class='ocrx_word' id='word_1_481' title='bbox 1704 3381 1793 3424; x_wconf 84' lang='lat' dir='ltr'>tur</span> <span class='ocrx_word' id='word_1_482' title='bbox 1815 3376 1990 3426; x_wconf 86' lang='lat' dir='ltr'>barum</span> <span class='ocrx_word' id='word_1_483' title='bbox 2009 3376 2287 3425; x_wconf 78' lang='lat' dir='ltr'>insularum</span> <span class='ocrx_word' id='word_1_484' title='bbox 2311 3389 2493 3426; x_wconf 82' lang='lat' dir='ltr'>caussa</span> <span class='ocrx_word' id='word_1_485' title='bbox 2511 3383 2613 3432; x_wconf 86' lang='lat' dir='ltr'>est,</span> <span class='ocrx_word' id='word_1_486' title='bbox 2636 3373 2768 3441; x_wconf 83' lang='lat' dir='ltr'>quod</span> 
     </span>
     <span class='ocr_line' id='line_1_91' title="bbox 1705 3451 2766 3516; baseline -0.001 -14"><span class='ocrx_word' id='word_1_487' title='bbox 1705 3453 1925 3502; x_wconf 88' lang='lat' dir='ltr'>materia</span> <span class='ocrx_word' id='word_1_488' title='bbox 1948 3453 2224 3516; x_wconf 82' lang='lat' dir='ltr'>sulphurea</span> <span class='ocrx_word' id='word_1_489' title='bbox 2248 3461 2304 3502; x_wconf 90' lang='lat' dir='ltr'>et</span> <span class='ocrx_word' id='word_1_490' title='bbox 2337 3451 2655 3501; x_wconf 80' lang='lat' dir='ltr'>bituminosa</span> <span class='ocrx_word' id='word_1_491' title='bbox 2677 3453 2766 3501; x_wconf 85' lang='lat' dir='ltr'>sub</span> 
     </span>
     <span class='ocr_line' id='line_1_92' title="bbox 1704 3526 2767 3591; baseline 0.001 -16"><span class='ocrx_word' id='word_1_492' title='bbox 1704 3527 1861 3578; x_wconf 84' lang='lat' dir='ltr'>maris</span> <span class='ocrx_word' id='word_1_493' title='bbox 1900 3526 2064 3578; x_wconf 83' lang='lat' dir='ltr'>fundo</span> <span class='ocrx_word' id='word_1_494' title='bbox 2098 3529 2413 3578; x_wconf 84' lang='lat' dir='ltr'>delitescens</span> <span class='ocrx_word' id='word_1_495' title='bbox 2446 3528 2622 3591; x_wconf 79' lang='lat' dir='ltr'>ignem</span> <span class='ocrx_word' id='word_1_496' title='bbox 2651 3542 2767 3578; x_wconf 84' lang='lat' dir='ltr'>eon-</span> 
     </span>
     <span class='ocr_line' id='line_1_93' title="bbox 1705 3604 2768 3668; baseline 0.002 -15"><span class='ocrx_word' id='word_1_497' title='bbox 1705 3604 1887 3668; x_wconf 75' lang='lat' dir='ltr'>cipiet,</span> <span class='ocrx_word' id='word_1_498' title='bbox 1922 3611 1978 3654; x_wconf 86' lang='lat' dir='ltr'>et</span> <span class='ocrx_word' id='word_1_499' title='bbox 2004 3619 2061 3653; x_wconf 91' lang='lat' dir='ltr'>se</span> <span class='ocrx_word' id='word_1_500' title='bbox 2086 3605 2134 3654; x_wconf 84' lang='lat' dir='ltr'>vi</span> <span class='ocrx_word' id='word_1_501' title='bbox 2159 3621 2252 3654; x_wconf 84' lang='lat' dir='ltr'>sua</span> <span class='ocrx_word' id='word_1_502' title='bbox 2276 3605 2494 3655; x_wconf 84' lang='lat' dir='ltr'>elastica</span> <span class='ocrx_word' id='word_1_503' title='bbox 2528 3619 2768 3655; x_wconf 80' lang='lat' dir='ltr'>exserens</span> 
     </span>
     <span class='ocr_line' id='line_1_94' title="bbox 1705 3680 2767 3745; baseline 0.004 -17"><span class='ocrx_word' id='word_1_504' title='bbox 1705 3686 1898 3730; x_wconf 79' lang='lat' dir='ltr'>terram</span> <span class='ocrx_word' id='word_1_505' title='bbox 1917 3680 2356 3745; x_wconf 70' lang='lat' dir='ltr'>superinpositum</span> <span class='ocrx_word' id='word_1_506' title='bbox 2382 3696 2555 3731; x_wconf 90' lang='lat' dir='ltr'>secum</span> <span class='ocrx_word' id='word_1_507' title='bbox 2581 3683 2634 3732; x_wconf 91' lang='lat' dir='ltr'>iu</span> <span class='ocrx_word' id='word_1_508' title='bbox 2653 3683 2767 3732; x_wconf 91' lang='lat' dir='ltr'>sub-</span> 
     </span>
     <span class='ocr_line' id='line_1_95' title="bbox 1707 3755 2767 3822; baseline 0.004 -17"><span class='ocrx_word' id='word_1_509' title='bbox 1707 3756 1830 3806; x_wconf 88' lang='lat' dir='ltr'>lime</span> <span class='ocrx_word' id='word_1_510' title='bbox 1846 3755 2014 3815; x_wconf 65' lang='lat' dir='ltr'>ferat,</span> <span class='ocrx_word' id='word_1_511' title='bbox 2035 3771 2151 3822; x_wconf 80' lang='lat' dir='ltr'>quae</span> <span class='ocrx_word' id='word_1_512' title='bbox 2178 3759 2362 3808; x_wconf 88' lang='lat' dir='ltr'>iterum</span> <span class='ocrx_word' id='word_1_513' title='bbox 2387 3757 2636 3809; x_wconf 87' lang='lat' dir='ltr'>decidens</span> <span class='ocrx_word' id='word_1_514' title='bbox 2658 3768 2767 3809; x_wconf 86' lang='lat' dir='ltr'>tan-</span> 
     </span>
     <span class='ocr_line' id='line_1_96' title="bbox 1704 3833 2765 3900; baseline 0.001 -15"><span class='ocrx_word' id='word_1_515' title='bbox 1704 3842 1811 3885; x_wconf 85' lang='lat' dir='ltr'>tam</span> <span class='ocrx_word' id='word_1_516' title='bbox 1847 3835 2031 3883; x_wconf 87' lang='lat' dir='ltr'>moiem</span> <span class='ocrx_word' id='word_1_517' title='bbox 2050 3833 2213 3896; x_wconf 62' lang='lat' dir='ltr'>satit,</span> <span class='ocrx_word' id='word_1_518' title='bbox 2244 3841 2303 3883; x_wconf 86' lang='lat' dir='ltr'>ut</span> <span class='ocrx_word' id='word_1_519' title='bbox 2335 3850 2495 3898; x_wconf 88' lang='lat' dir='ltr'>supra</span> <span class='ocrx_word' id='word_1_520' title='bbox 2524 3833 2765 3900; x_wconf 78' lang='lat' dir='ltr'>aquarum</span> 
     </span>
     <span class='ocr_line' id='line_1_97' title="bbox 1704 3908 2766 3972; baseline 0.005 -15"><span class='ocrx_word' id='word_1_521' title='bbox 1704 3908 2032 3972; x_wconf 79' lang='lat' dir='ltr'>superficiem</span> <span class='ocrx_word' id='word_1_522' title='bbox 2055 3911 2300 3960; x_wconf 82' lang='lat' dir='ltr'>emineat.</span> <span class='ocrx_word' id='word_1_523' title='bbox 2368 3912 2486 3961; x_wconf 87' lang='lat' dir='ltr'>Nec</span> <span class='ocrx_word' id='word_1_524' title='bbox 2519 3912 2664 3962; x_wconf 77' lang='lat' dir='ltr'>hisee</span> <span class='ocrx_word' id='word_1_525' title='bbox 2683 3928 2766 3962; x_wconf 81' lang='lat' dir='ltr'>ex·</span> 
     </span>
     <span class='ocr_line' id='line_1_98' title="bbox 1702 3986 2766 4050; baseline 0.006 -17"><span class='ocrx_word' id='word_1_526' title='bbox 1702 3986 1888 4049; x_wconf 83' lang='lat' dir='ltr'>emplis</span> <span class='ocrx_word' id='word_1_527' title='bbox 1917 3993 2093 4035; x_wconf 86' lang='lat' dir='ltr'>nostra</span> <span class='ocrx_word' id='word_1_528' title='bbox 2128 3994 2362 4050; x_wconf 75' lang='lat' dir='ltr'>tempora</span> <span class='ocrx_word' id='word_1_529' title='bbox 2395 3986 2766 4050; x_wconf 83' lang='lat' dir='ltr'>destituuntur,</span> 
     </span>
     <span class='ocr_line' id='line_1_99' title="bbox 1703 4060 2768 4129; baseline 0.003 -20"><span class='ocrx_word' id='word_1_530' title='bbox 1703 4061 1759 4110; x_wconf 91' lang='lat' dir='ltr'>in</span> <span class='ocrx_word' id='word_1_531' title='bbox 1805 4060 1991 4124; x_wconf 82' lang='lat' dir='ltr'>quibus</span> <span class='ocrx_word' id='word_1_532' title='bbox 2046 4062 2444 4112; x_wconf 82' lang='lat' dir='ltr'>celeberrimum</span> <span class='ocrx_word' id='word_1_533' title='bbox 2488 4071 2591 4119; x_wconf 82' lang='lat' dir='ltr'>est.</span> <span class='ocrx_word' id='word_1_534' title='bbox 2635 4062 2768 4129; x_wconf 84' lang='lat' dir='ltr'>quod</span> 
     </span>
     <span class='ocr_line' id='line_1_100' title="bbox 1702 4139 2768 4205; baseline 0.004 -17"><span class='ocrx_word' id='word_1_535' title='bbox 1702 4153 1882 4189; x_wconf 87' lang='lat' dir='ltr'>meuse</span> <span class='ocrx_word' id='word_1_536' title='bbox 1919 4139 2063 4192; x_wconf 82' lang='lat' dir='ltr'>Julio</span> <span class='ocrx_word' id='word_1_537' title='bbox 2111 4153 2497 4191; x_wconf 72' lang='lat' dir='ltr'>mncxxxvm.</span> <span class='ocrx_word' id='word_1_538' title='bbox 2536 4143 2768 4205; x_wconf 81' lang='lat' dir='ltr'>contigit,</span> 
     </span>
     <span class='ocr_line' id='line_1_101' title="bbox 1703 4218 2767 4283; baseline 0 -16"><span class='ocrx_word' id='word_1_539' title='bbox 1703 4218 1940 4283; x_wconf 86' lang='lat' dir='ltr'>quodque</span> <span class='ocrx_word' id='word_1_540' title='bbox 1965 4218 2044 4266; x_wconf 81' lang='lat' dir='ltr'>vir</span> <span class='ocrx_word' id='word_1_541' title='bbox 2076 4232 2303 4267; x_wconf 85' lang='lat' dir='ltr'>summus</span> <span class='ocrx_word' id='word_1_542' title='bbox 2332 4218 2524 4268; x_wconf 83' lang='lat' dir='ltr'>Petrus</span> <span class='ocrx_word' id='word_1_543' title='bbox 2548 4218 2767 4270; x_wconf 80' lang='lat' dir='ltr'>Gassen·</span> 
     </span>
    </p>
   </div>
   <div class='ocr_carea' id='block_1_10' title="bbox 1707 4289 2767 4354">
    <p class='ocr_par' dir='ltr' id='par_1_13' title="bbox 1707 4289 2767 4354">
     <span class='ocr_line' id='line_1_102' title="bbox 1707 4289 2767 4354; baseline 0.002 -9"><span class='ocrx_word' id='word_1_544' title='bbox 1707 4295 1803 4347; x_wconf 84' lang='lat' dir='ltr'>dus</span> <span class='ocrx_word' id='word_1_545' title='bbox 1827 4297 1926 4347; x_wconf 84' lang='lat' dir='ltr'>sibi</span> <span class='ocrx_word' id='word_1_546' title='bbox 1951 4297 2172 4348; x_wconf 83' lang='lat' dir='ltr'>relatum</span> <span class='ocrx_word' id='word_1_547' title='bbox 2198 4289 2375 4349; x_wconf 61' lang='lat' dir='ltr'>narrat</span> <span class='ocrx_word' id='word_1_548' title='bbox 2401 4299 2451 4347; x_wconf 82' lang='lat' dir='ltr'>in</span> <span class='ocrx_word' id='word_1_549' title='bbox 2477 4298 2767 4354; x_wconf 75' lang='lat' dir='ltr'>comment.</span> 
     </span>
    </p>
   </div>
  </div>
 </body>
</html>
