3025 4934
655 433 949 482 AUREL.
981 430 1175 479 vlo'r.
1220 429 1446 479 vmos
1494 429 1852 480 lnhusvn.
1900 430 2066 478 GAP.
2114 429 2232 478 ΙΙΙ.

328 592 446 642 qna
497 576 769 634 Schottus‚
827 576 1054 626 occurrit
1109 587 1257 624 τιτι.
1311 578 1395 625 42.

323 653 340 682 ⁴
360 653 498 703 Cum
531 652 583 702 ei
619 667 716 702 sna
746 659 935 715 sponte
959 651 1229 701 cunctanti
1264 652 1394 714 pulli

326 742 535 792 quoque
559 728 795 791 auspicio
811 741 912 777 uon
932 725 1256 776 addixissent
1274 725 1308 775 ε’
1339 734 1396 776 et

327 817 516 854 xxvu.
551 808 632 853 16.
677 804 694 833 ‘
719 803 860 853 Aves
903 803 1063 853 semel
1102 809 1257 867 atque
1297 802 1392 853 ite..

326 894 439 929 rum
476 894 581 929 nou
629 877 983 929 addixerunt.'
1043 878 1218 928 Tacit.
1258 877 1394 927 Ann-

326 969 391 1004 n.
414 960 498 1005 14.
531 957 549 984 ⁴
573 954 775 1005 Auctus
805 956 996 1015 omine,
1028 953 1393 1004 addicentibus

325 1030 587 1095 auspiciis.
642 1038 795 1080 vocat
847 1031 1168 1081 concionem.
1191 1028 1207 1053 ’
1288 1031 1392 1081 Ille

325 1107 426 1155 erit
443 1107 608 1167 locus,
631 1107 718 1170 qui
738 1109 872 1158 maie
890 1124 919 1157 a
936 1107 1155 1158 Schotto
1177 1107 1390 1159 adduci-

324 1190 427 1232 tur.
480 1183 618 1232 Vide
641 1184 836 1234 Muret.
864 1183 929 1233 ad
951 1185 1144 1235 Tibull.
1170 1185 1250 1234 El.
1275 1199 1316 1234 1.
1339 1189 1390 1236 4.

325 1259 412 1310 fin.
448 1274 504 1322 p.
552 1274 618 1311 m.
655 1263 768 1309 us.
805 1267 860 1309 et
896 1261 1077 1310 Burin.
1121 1259 1188 1310 ad
1227 1259 1388 1312 ovid.

326 1337 464 1387 Met.
486 1350 581 1386 xv.
602 1340 719 1387 66⁷.
750 1335 929 1387 Aratz.

332 1418 341 1429 ’
393 1412 629 1474 Populum
645 1409 835 1474 sm]
871 1412 1098 1462 Sslvian.
1119 1412 1287 1475 Epist.
1307 1426 1388 1463 rv-

323 1503 376 1552 ρ.
398 1504 470 1538 m.
496 1493 610 1540 1⁷⁷.
630 1488 736 1539 ‘Ut
765 1504 864 1539 uec
894 1490 1158 1540 Romanus
1193 1504 1388 1541 memor

323 1571 461 1615 esset
484 1564 630 1623 belli,
653 1579 753 1615 nec
786 1565 1010 1617 Sabinus
1048 1575 1223 1630 posset
1250 1566 1386 1632 inju-

320 1640 409 1689 riae
432 1649 491 1692 et
509 1642 588 1690 illi
613 1642 787 1704 paullo
802 1650 924 1693 ante
944 1641 1043 1693 feri
1068 1652 1123 1693 et
1135 1641 1386 1695 semibar-

318 1716 473 1771 bari?
494 1717 673 1771 Antz.

383 1792 552 1856 Fecit]
619 1793 842 1851 Codices
897 1794 1109 1861 qnidam
1163 1795 1384 1854 confecit.

321 1870 591 1921 Schottus.

387 1947 616 2010 Vim-ines
657 1947 897 2014 Vestales]
934 1947 1017 1997 De
1045 1946 1230 2011 quibus
1264 1944 1384 1998 flos-

318 2023 460 2077 culos
486 2024 689 2086 aliquos
712 2038 743 2073 e
760 2024 930 2081 Livio,
947 2022 1384 2084 Plutarcho,Gel·

317 2097 404 2160 iio,
438 2105 497 2147 et
534 2098 809 2163 Dionysio,
851 2097 1078 2148 habeto:
1132 2114 1162 2148 a
1209 2099 1384 2148 Numa

317 2171 578 2237 Pompilio
624 2173 791 2235 primo
831 2172 1097 2223 institutas
1139 2173 1382 2236 perpetui

317 2249 446 2312 iguis
481 2249 728 2299 custodes
761 2258 1025 2314 quatuor-3
1058 2263 1172 2313 qun
1213 2250 1381 2312 primo

316 2325 570 2377 decennio
607 2325 848 2377 facienda
880 2324 1125 2386 discunt,
1149 2324 1380 2378 secundo

314 2399 533 2460 faciunt,
570 2403 772 2468 reliquo
796 2410 969 2454 autem
994 2401 1247 2455 decennio
1286 2402 1380 2453 ali-

315 2493 370 2529 as
402 2478 664 2529 edocent:
702 2486 823 2543 post
851 2479 903 2531 id
938 2485 1146 2541 tempus
1176 2479 1379 2533 nubere

312 2564 549 2618 possunt.
619 2555 919 2607 Honoribus
952 2569 1157 2620 quoque
1200 2555 1376 2607 multis

312 2640 661 2685 venerantum
708 2631 850 2683 inter
882 2645 1034 2696 quos,
1073 2631 1118 2680 si
1140 2644 1287 2686 ,casn
1320 2631 1375 2681 in

310 2721 601 2771 quenquam
628 2706 906 2759 inciderint
923 2705 990 2755 ad
1009 2706 1238 2769 capitale
1252 2721 1377 2770 sup·

310 2783 520 2845 plicium
555 2784 792 2847 ductum,
812 2796 934 2835 eum
970 2783 1146 2837 necari
1175 2798 1280 2835 nou
1314 2785 1375 2835 ii·

308 2866 422 2921 cet3
438 2860 481 2908 si
502 2869 680 2909 autern
698 2860 876 2924 aliqua
891 2860 1241 2922 virginitatem
1258 2875 1375 2924 per·

308 2932 524 2998 diderit,
549 2935 668 2984 viva
698 2933 763 2984 ad
786 2943 1011 2996 portam,
1035 2949 1188 2997 quam
1214 2936 1374 2987 coni·

306 3024 420 3064 nam
441 3017 653 3073 vocant,
675 3009 1045 3063 defodiebatur
1066 3009 1139 3065 ibi
1158 3012 1373 3063 moritu-

305 3096 378 3150 ra,
394 3090 660 3143 Juvenale
676 3095 814 3140 teste
831 3104 846 3139 ε
884 3095 899 3117 ‘
919 3089 1186 3154 Sanguine
1202 3090 1372 3141 adbuc

304 3169 423 3218 vivo
446 3177 643 3216 terram
666 3165 1193 3218 subitura-’sacerdos0’
1244 3169 1374 3219 Erat

306 3243 654 3295 sacerdotium
673 3242 810 3293 Alba
833 3243 1141 3303 oriundnm3
1176 3244 1373 3295 habeus

305 3318 369 3369 de
421 3320 633 3382 publico
685 3317 1026 3381 stipendium,
1077 3319 1373 3383 eligebatur

304 3396 530 3447 Vestalis
582 3394 807 3457 patrima
843 3403 901 3447 et
941 3394 1199 3456 matrinia,
1232 3395 1370 3449 inter

305 3472 614 3536 capiendum
636 3486 667 3521 a
687 3469 947 3523 Pontifice
976 3471 1214 3523 Maximo
1255 3470 1270 3500 ‘
1296 3471 1369 3521 A·

306 3557 442 3597 mata
467 3548 482 3568 '
502 3546 893 3608 appellabatur.
920 3546 1148 3597 Meshan.

318 3674 325 3679 ,
365 3621 643 3683 Flauius]
660 3622 821 3677 Quasi
841 3625 856 3650 ⁸
875 3621 1124 3675 filamines
1144 3637 1161 3682 ς
1178 3620 1193 3643 ’
1226 3637 1257 3679 a
1278 3622 1368 3675 filo

303 3702 434 3751 lauae
458 3703 511 3749 in
538 3700 660 3761 pilei
682 3699 952 3749 cacumine
976 3699 1099 3749 latu.
1120 3699 1286 3755 Mac&-

365 3775 588 3838 Dialem]
625 3775 695 3825 Et
729 3775 1025 3824 Martialem
1061 3790 1095 3825 a
1126 3774 1368 3833 Romulo,

300 3855 351 3905 in
395 3856 657 3909 honorem,
683 3852 881 3916 patri-2
933 3851 1255 3907 Quirinalem
1286 3867 1369 3902 so-

299 3933 400 3983 lum
421 3947 451 3981 a
474 3931 647 3981 Numa
671 3929 964 3981 institutum
989 3928 1260 3981 Plutarch.
1287 3943 1366 3983 re·

246 4000 252 4009 '
298 4006 432 4059 fert:
460 4006 749 4057 reclamant
767 4005 949 4057 Lir.et
970 4004 1187 4067 Dionys·
1222 4006 1366 4056 Duos

298 4097 422 4134 vero
447 4082 741 4139 Martiales,
763 4092 867 4131 non
893 4088 950 4129 ut
969 4081 1165 4130 Noster
1187 4094 1366 4142 uuum,

299 4157 479 4215 fuisse,
497 4164 682 4208 auctor
698 4162 781 4207 est
796 4155 1038 4207 Andreas
1059 4157 1366 4211 Dominicus

304 4235 524 4287 Floccus
557 4234 614 4285 in
650 4231 827 4285 libello
860 4230 930 4281 de
962 4230 1366 4295 Magistratibus

304 4312 567 4377 Romanis,
596 4311 684 4377 qni
713 4308 846 4365 falso
878 4309 1028 4363 bodie
1073 4310 1090 4339 ‘
1109 4310 1170 4363 L.
1195 4310 1365 4367 Fene·

2403 413 2533 480 491

1473 574 1640 625 steilae
1660 572 1676 596 ’
1700 572 2019 625 inscribitur.
2044 573 2234 625 Schuet-
2318 574 2534 624 Frustra

1471 658 1553 699 est
1583 649 1734 700 Leid.
1767 654 1820 701 2.
1876 649 2050 700 mata
2091 663 2307 700 numero
2343 650 2533 714 plurali

1471 726 1809 787 substituens,
1830 739 1946 776 cum
1970 741 2124 776 unum
2151 734 2352 776 tanturn
2385 725 2533 777 iusti-

1470 807 1641 851 tntum
1688 800 1847 853 fuisse
1882 802 2009 851 satis
2047 809 2271 853 constet.
2337 801 2534 853 Arnob.

1467 879 1588 927 adv.
1611 877 1771 928 Gent.
1794 892 1834 928 ι.
1855 881 1938 927 81.
1960 885 1976 908 ‘
1994 879 2225 940 Dialem,
2249 879 2388 943 quod
2421 879 2533 944 ejus

1467 963 1603 1014 erat,
1645 951 1907 1005 flaminem
1962 955 2066 1003 isto
2101 954 2227 1018 jure
2280 952 2532 1003 donavit?

1468 1030 1692 1094 August.
1714 1031 1781 1080 de
1803 1031 1919 1081 Cir.
1943 1032 2043 1082 Dei
2073 1045 2139 1081 u.
2172 1035 2250 1081 16.
2291 1031 2306 1058 ‘
2327 1032 2401 1081 Ut
2424 1038 2531 1081 tres

1465 1107 1603 1155 solos
1627 1103 1862 1155 flamines
1885 1105 2134 1155 baberent
2156 1105 2324 1156 tribus
2347 1106 2531 1157 Numi·

1464 1184 1616 1235 nibus
1650 1184 1935 1240 institutos.
1971 1183 2174 1235 Dialem
2206 1184 2349 1240 Jovi,
2388 1184 2531 1233 Mor·

1463 1259 1641 1309 tialem
1685 1260 1866 1317 Marti,
1907 1259 2227 1313 Quirinalem
2268 1260 2531 1311 Romulo?

1462 1334 1642 1389 Amtz.

1529 1413 1721 1479 Solios]
1766 1412 1815 1465 A
1856 1412 2124 1467 ‘saliendo
2147 1411 2164 1434 ⁹
2204 1411 2373 1464 dictos
2415 1414 2529 1477 ipsa

1461 1489 1779 1552 etymologia
1819 1489 2050 1541 ostendit
2069 1505 2086 1540 z
2117 1490 2320 1553 (noster
2354 1498 2529 1540 sutem

1459 1563 1727 1619 Martinus
1760 1566 1932 1617 Salius
1954 1565 2019 1617 ad
2059 1579 2239 1615 verum
2263 1566 2526 1631 Christum

1460 1643 1581 1695 salit
1601 1640 1646 1706 z)
1677 1641 1921 1695 ferebant
1947 1649 2123 1694 autem
2147 1643 2337 1693 tunica
2368 1642 2526 1704 picta

1459 1717 1683 1781 insigne,
1698 1728 1752 1766 et
1773 1732 1932 1783 super
1950 1718 2179 1771 tunicam
2197 1732 2395 1769 oeneuus
2415 1728 2526 1775 ter·

1458 1809 1578 1847 men
1596 1793 2020 1847 circumferentes
2037 1794 2225 1847 ancilis
2237 1804 2385 1847 scuta
2404 1809 2525 1846 eum

1458 1870 1678 1919 sollenui
1716 1877 1874 1920 cautu
1915 1878 1972 1921 et
2006 1871 2270 1933 tripudiis.
2293 1871 2525 1922 Maenas.

1457 1944 1588 1999 Illos
1607 1944 1855 1997 Herculis
1887 1945 2191 1997 sacerdotes
2222 1945 2372 2007 fingit
2407 1947 2524 1995 Vir·

1457 2020 1549 2085 gil.
1597 2020 1714 2070 AEn.
1754 2033 1879 2071 vm.
1914 2024 2033 2073 285.
2080 2021 2246 2073 ‘Tum
2284 2021 2409 2072 Salii
2453 2021 2524 2071 ad

1454 2105 1659 2156 cautus,
1677 2098 1886 2149 incensa
1906 2097 2089 2150 altaria
2105 2098 2321 2155 circum,
2345 2097 2522 2161 Popu-

1454 2174 1550 2227 leis
1592 2175 1742 2229 ibant
1793 2174 1989 2226 evincti
2044 2181 2284 2238 tempora
2333 2174 2525 2225 ramis)

1456 2250 1653 2309 Livius,
1695 2266 1726 2300 a
1772 2265 1877 2317 quo
1927 2250 2123 2302 Noster
2157 2255 2283 2311 stat,
2334 2250 2523 2305 Martis

1456 2328 1677 2383 Gradivi
1720 2327 1865 2381 facit·
1900 2329 2143 2381 Schotm.
2226 2328 2417 2381 Almel.
2452 2327 2519 2378 ad

1454 2405 1677 2465 Quium.
1703 2405 1839 2459 lust.
1857 2405 2011 2459 Orat.
2029 2419 2072 2457 1.
2096 2409 2176 2461 10.
2200 2409 2315 2456 107.
2341 2406 2523 2457 Arnez.

1521 2483 1732 2548 Mortis]
1750 2484 1900 2535 Arois
1913 2483 2070 2535 codd.
2086 2484 2295 2549 quidam
2319 2485 2523 2548 legunt.
2602 2533 2612 2555 ,

1452 2559 1553 2613 Sed
1579 2558 1775 2612 frustra
1792 2568 1932 2611 sunt.
1949 2559 2137 2611 Schott.

1520 2634 1804 2701 Pontificem
1831 2636 2129 2700 Maximum]
2167 2636 2333 2685 Varro
2354 2634 2421 2685 de
2454 2636 2518 2686 Ι..

1451 2709 1517 2763 Ι..
1539 2710 1633 2761 lib.
1657 2725 1737 2762 tv.
1779 2712 1797 2742 ⁶
1815 2710 2103 2763 Pontifices
2127 2727 2157 2761 a
2193 2720 2377 2774 ponte,
2396 2725 2516 2761 nam

1452 2785 1519 2836 ab
1542 2786 1604 2834 iis
1628 2786 1874 2839 sublicius
1896 2797 1977 2841 est
1999 2784 2170 2839 factus
2199 2786 2420 2849 primum
2458 2796 2516 2836 et

1449 2863 1723 2915 restitutus
1739 2877 1880 2927 soepe
1900 2862 1933 2910 ε’
1965 2864 2262 2915 nou'rectet
2303 2862 2516 2915 tametsi

1449 2946 1506 2993 et
1550 2938 1624 2993 ita
1669 2939 1897 3003 Dionys·
1941 2939 1993 2991 iu
2040 2939 2232 2995 Numa.
2271 2939 2513 3003 ridetque

1449 3014 1786 3066 Plutarchus.
1820 3015 1961 3069 Pons
1984 3014 2119 3064 euim
2139 3013 2383 3063 sublicius
2405 3028 2513 3065 me·

1449 3103 1507 3141 re
1547 3092 1750 3152 ligneus
1789 3090 1856 3141 ab
1889 3088 2039 3138 Anco
2080 3089 2300 3153 primum
2336 3088 2512 3141 Tiberi

1447 3164 1737 3235 impositus.
1803 3165 1950 3217 Idem
1993 3163 2260 3217 Halicarn.
2311 3164 2399 3217 lib.
2424 3179 2511 3217 ut.

1446 3239 1609 3306 Atqui
1637 3241 1717 3293 iiic
1739 3255 1899 3295 anuos
1922 3238 2032 3291 fere
2051 3245 2134 3291 80.
2148 3247 2266 3304 post
2286 3242 2510 3295 Numam

1446 3317 1723 3380 imperium
1761 3318 2004 3381 arripuit,
2027 3333 2059 3371 a
2089 3333 2192 3382 quo
2231 3319 2508 3385 pontifices

1445 3403 1655 3447 creatos
1698 3395 1782 3447 bic
1814 3394 2009 3447 diserte
2049 3393 2292 3457 affirmat,
2321 3395 2513 3461 aliique

1446 3485 1548 3519 uno
1570 3485 1661 3520 ore
1682 3485 1881 3521 omnes.
1948 3471 2159 3522 Quanto
2184 3471 2374 3521 rectius
2403 3472 2509 3524 Qu.

1443 3547 1679 3601 Scnvoia
1701 3545 1950 3603 Pontifex
1963 3548 2225 3601 Maximus
2244 3561 2274 3598 a
2294 3553 2309 3576 ‘
2324 3562 2477 3611 posse
2493 3548 2510 3570 ’

1443 3630 1500 3675 et
1536 3620 1776 3683 ‘facere'
1819 3622 2053 3686 deducit,
2090 3630 2146 3671 ut
2176 3622 2410 3684 Poruifex
2440 3625 2511 3675 sit

1442 3699 1590 3763 quasi
1638 3699 1655 3727 ⁴
1676 3696 1929 3762 Potifex,'
1972 3712 2003 3748 a
2050 3700 2188 3762 potis
2232 3707 2290 3748 et
2327 3697 2465 3751 facio
2490 3720 2504 3749 ε

1442 3790 1548 3840 quo
1567 3783 1625 3827 et
1648 3776 1888 3826 Lucanus
1919 3776 2093 3825 allusit
2113 3774 2204 3825 lib.
2223 3790 2262 3824 ι.
2283 3776 2301 3805 ‘
2320 3778 2506 3828 Ponti-

1439 3852 1586 3909 fices,
1607 3853 1737 3905 sacri
1760 3852 1946 3917 quibus
1962 3861 2042 3903 est
2059 3854 2306 3916 permissa
2331 3863 2505 3917 potes·

1441 3927 1589 3978 tas:’
1622 3927 1864 3979 ‘facere'
1899 3930 2036 3977 enim
2076 3927 2367 3979 sacrificare
2402 3940 2503 3981 est.

1441 4004 1631 4057 Schott.

1504 4075 1709 4140 Portas]
1744 4078 1830 4129 De
1884 4077 2106 4141 ‘porta’
2157 4078 2301 4141 Jaui,
2325 4091 2499 4145 'quam

1439 4154 1613 4204 Numa
1633 4152 1957 4214 condidit,et
1981 4152 2046 4201 ad
2067 4151 2223 4204 finem
2249 4157 2366 4207 vitae
2383 4174 2498 4222 reg-

1438 4232 1597 4296 nique
1619 4230 1844 4281 clausam
1859 4227 2059 4285 habuit,
2078 4230 2220 4281 Plut.
2238 4232 2292 4281 iu
2313 4235 2501 4298 Numa,

1438 4315 1495 4361 et
1518 4307 1582 4361 de
1605 4303 1815 4359 fortuna
1839 4303 2093 4369 Romana,
2114 4307 2202 4361 ubi
2222 4307 2380 4373 πύλην
2402 4326 2499 4376 pro
