3025 4934
505 375 790 425 Auum..
823 375 1018 423 vlc'r.
1059 374 1279 423 vinos
1325 373 1682 424 ILLUSTR.
1728 374 1893 423 cAP.
1942 373 2244 421 Lxxvn.

301 521 378 568 ⁴3.
428 525 444 547 ‘
465 518 735 568 Praebenti
780 519 1025 568 inmotam
1070 518 1346 575 cervicem,

295 600 445 659 -caput
480 597 750 658 praecisum
774 594 890 645 est.’
944 596 1063 645 Val.
1087 595 1348 645 Maximus

301 683 376 720 tx.
396 675 443 722 2.
464 685 548 722 ex.
588 678 692 721 ext.
722 677 772 720 5.
804 672 820 699 ‘
842 672 1015 735 Caput
1044 673 1156 735 ejus
1179 680 1234 721 et
1260 686 1347 735 pe-

297 745 383 795 des
404 747 648 811 praecisos
686 748 841 796 matri
874 746 1049 796 misit.'
1115 745 1261 796 Infra
1283 748 1350 796 E·

300 822 389 885 pit.
407 837 523 887 cap.
548 827 631 873 28.
655 825 683 886 §
699 827 749 872 2.
770 828 784 852 ‘
802 824 983 873 Medio
1001 825 1176 885 capite
1194 838 1350 886 snpra

301 899 493 950 ordines
510 899 744 950 dentium
764 897 1020 962 praeciso.'
1044 900 1194 951 Quod
1215 899 1347 948 idem

296 976 311 1002 ‘
330 976 562 1025 excidere
610 976 805 1040 capnt'
849 978 984 1028 dixit
1031 978 1253 1040 Capitol.
1296 978 1347 1026 in

301 1051 474 1101 Clodio
490 1053 619 1102 Alb.
643 1068 759 1117 cap.
782 1058 832 1104 9.
854 1056 869 1082 ‘
886 1056 1059 1116 Caput
1078 1054 1190 1118 ejus
1208 1055 1349 1103 exci-

295 1142 398 1178 sum
412 1130 515 1193 pilo
533 1130 890 1183 circumtulit.'
958 1132 1177 1184 Quintil.
1196 1132 1349 1181 Deel.

298 1218 380 1254 m.
422 1210 502 1256 13.
545 1207 662 1257 ‘An
706 1209 852 1258 nobis
894 1217 1054 1272 caput
1099 1208 1351 1258 barbarus

300 1279 452 1332 bostis
473 1282 723 1332 excidat.'
790 1285 1008 1333 Orosius
1034 1298 1087 1333 v,
1113 1288 1191 1333 12.
1216 1290 1231 1313 ⁸
1253 1282 1351 1333 Ca-

299 1363 384 1419 put
406 1356 636 1408 Gracchi
660 1360 893 1409 excisum
911 1360 1114 1409 consuli
1140 1361 1351 1409 allatum

299 1432 401 1481 est!
466 1434 554 1484 Ita
597 1441 613 1464 ‘
645 1436 887 1484 excidere
941 1451 1120 1485 uranus
1144 1434 1158 1456 '
1213 1436 1351 1499 apud

293 1512 437 1562 Dict.
471 1513 617 1563 Cret.
655 1526 743 1562 ιιι.
767 1518 846 1562 15.
878 1520 934 1562 et
957 1513 1167 1562 Vulcat.
1190 1513 1353 1563 Galli·

300 1601 407 1635 cau.
443 1589 494 1637 in
519 1588 682 1639 Avid.
713 1590 893 1639 Cassio
916 1604 1033 1652 cap.
1055 1594 1104 1639 4.
1168 1588 1354 1638 Simili-

291 1670 375 1712 -ter
402 1670 423 1721 ,‘
441 1664 708 1715 abscisum
724 1665 737 1687 '
778 1673 833 1714 et
854 1670 870 1693 ‘
892 1665 1168 1714 abscissum
1191 1663 1204 1685 ’
1239 1680 1355 1729 per·

298 1748 561 1792 mutantur
596 1742 649 1791 in
684 1741 826 1805 Epit.
859 1755 975 1804 cap.
1001 1744 1081 1791 23.
1113 1740 1199 1790 ubi
1223 1740 1355 1789 vide·

296 1815 462 1870 Αΐηιῖφ
578 1867 586 1873 ,

357 1893 664 1958 Ignomtum]
698 1894 800 1946 Qui
832 1894 1107 1957 ignoratum
1130 1908 1223 1956 pro
1244 1895 1356 1943 ado·

294 1974 444 2018 ratum
466 1970 733 2019 mordicus
758 1971 1002 2028 retinent,
1041 1970 1163 2019 nihil
1189 1970 1357 2033 gravi-

297 2058 352 2092 us
385 2044 437 2093 in
471 2060 564 2094 eos
604 2045 793 2100 dicam,
826 2060 977 2110 quam
1013 2046 1066 2094 in
1102 2046 1213 2094 luce
1237 2044 1359 2094 cali·

297 2135 432 2184 gare,
454 2122 668 2171 tametsi
707 2121 827 2171 libri
867 2135 946 2172 w.
975 2123 1153 2171 excusi
1178 2123 1251 2171 ita
1286 2123 1358 2171 le-

296 2207 430 2259 gant.
451 2197 639 2247 Schott.
685 2199 813 2248 Tam
835 2200 1065 2261 pulcram
1083 2198 1230 2247 nobis
1254 2199 1358 2247 lec·

294 2273 482 2324 tionem
523 2276 779 2324 adoratum
823 2276 1017 2338 primus
1060 2274 1360 2337 procuravit

296 2350 469 2413 Aldus,
492 2366 648 2415 quam
673 2352 874 2400 unicam
903 2352 1233 2414 amplectitur
1254 2352 1353 2400 cla·

296 2427 522 2478 rissimus
542 2428 791 2478 schottus
811 2444 828 2489 ς
857 2428 947 2477 sed
965 2443 1061 2491 ego
1078 2442 1178 2477 non
1199 2427 1359 2476 liben-

294 2509 373 2551 ter
414 2519 618 2554 coecum
661 2517 850 2552 numen
903 2503 1079 2564 adoro,
1124 2502 1259 2566 quod
1307 2503 1359 2552 in

293 2580 506 2630 aliorum
549 2579 770 2629 cerebro
804 2587 983 2630 natum
1021 2579 1240 2640 publicae
1278 2594 1361 2628 su·

293 2657 584 2718 perstitioni
609 2659 907 2720 exponitur.
973 2656 1253 2717 [gneratum
1272 2671 1358 2704 vo-

293 2733 399 2783 lunt
422 2748 604 2783 omnes
619 2733 739 2782 olim
758 2733 889 2784 editi
906 2740 960 2782 et
975 2734 1105 2784 Mss.
1142 2733 1360 2794 Ignotus

292 2810 422 2860 enim
447 2819 566 2861 erat
602 2811 759 2873 gladii
796 2825 916 2859 usus
948 2809 1001 2859 iu
1034 2810 1362 2860 abscidendis

292 2887 557 2951 capitibus
600 2886 700 2936 sub
732 2886 900 2937 libera
935 2901 1045 2950 rep.
1078 2900 1193 2936 cum
1231 2887 1363 2936 banc

288 2962 340 3013 iu
366 2979 478 3014 rem
517 2963 785 3014 securibus
819 2970 1113 3021 uterentur.
1138 2969 1197 3013 ut
1220 2964 1363 3011 volu-

291 3040 389 3088 erit
429 3040 633 3090 Noster
670 3040 904 3089 indicare
938 3041 1157 3103 primum
1183 3040 1282 3088 hoc
1310 3040 1362 3088 ia

294 3114 550 3179 Pompeio
568 3113 725 3164 fuisse
746 3121 1020 3171 tentatum,
1036 3114 1172 3179 quod
1191 3114 1364 3164 firmat

294 3190 537 3241 Lucanus
572 3204 699 3241 vni.
722 3195 837 3241 672.
871 3197 886 3220 ⁸
905 3192 1035 3240 Tum
1067 3206 1251 3240 nervos
1277 3204 1364 3239 ve·

293 3280 493 3334 nasque
510 3274 675 3330 secat,
699 3267 993 3331 nodosaque
1012 3265 1210 3331 frangit
1229 3268 1366 3318 Ossa

294 3341 401 3405 diu,
446 3342 677 3392 nondum
725 3344 852 3393 artis
888 3351 1001 3392 erat
1036 3353 1199 3405 caput
1242 3358 1365 3392 ense

295 3418 508 3469 rotare.’
574 3421 699 3469 Sine
725 3429 841 3469 -arte
882 3420 1041 3482 igitur
1074 3418 1177 3470 fuit
1200 3420 1366 3470 absci-

298 3511 409 3546 sum
435 3497 693 3559 Pompeio
728 3504 906 3560 caput,
946 3497 1084 3547 unde
1107 3505 1255 3547 recte
1278 3498 1366 3547 illo

295 3574 409 3623 loco
426 3573 773 3622 Scholiastes:
792 3574 808 3601 ‘
826 3570 1012 3622 Adbuc
1026 3572 1113 3621 illo
1130 3579 1368 3637 tempore

299 3649 602 3698 nesciebant
638 3649 795 3698 semel
831 3656 1102 3712 amputare
1133 3656 1296 3713 caput
1332 3666 1368 3701 ¹a

301 3728 506 3775 cervice
524 3724 557 3775 ε’
580 3725 716 3789 quod
739 3740 958 3788 expone,
982 3727 1027 3775 si
1050 3727 1147 3788 vis,
1170 3727 1366 3777 nescie-

295 3801 425 3851 bant
449 3803 623 3865 gladio
648 3817 749 3851 uuo
767 3804 873 3851 ictu
893 3813 1052 3865 caput
1069 3814 1369 3868 amputare;

300 3878 397 3928 boc
417 3880 555 3929 enim
572 3879 710 3929 inter
730 3880 1051 3944 inelegantes
1067 3881 1367 3929 carnificum

306 3962 444 4005 artes
467 3954 855 4004 recensebatur.
919 3956 1108 4006 Cicero
1135 3958 1187 4006 in
1213 3957 1371 4006 Verr-

282 4046 359 4079 -v.
391 4038 474 4081 45.
507 4040 566 4081 et
597 4032 813 4081 Tacitus
851 4031 987 4081 Ann.
1021 4047 1121 4083 xv.
1156 4037 1239 4083 67.
1274 4033 1369 4082 sub

311 4108 697 4170 inperatoribus
719 4107 922 4156 demum
940 4098 1062 4158 us'ns
1091 4110 1247 4173 gladii
1271 4108 1371 4158 fuit

310 4184 569 4233 iuventus.
641 4184 941 4234 Lactantius
985 4186 1108 4233 Div.
1144 4185 1279 4234 lust.
1319 4201 1370 4234 v.

313 4263 390 4310 13.
422 4276 472 4325 p.
496 4263 611 4313 335.
648 4263 663 4289 ‘
686 4255 809 4311 Non
851 4262 1147 4325 tyrannicas
1177 4262 1370 4326 jussio·

2344 358 2478 426 687

1417 532 1529 574 nes,
1553 531 1654 566 nnn
1670 516 1967 566 Praeaidum
1998 517 2192 580 gladios
2217 516 2484 569 tremunt.'

1419 591 1616 642 Confer
1632 593 1863 657 Lipsium
1879 594 1943 642 ad
1959 595 2121 643 Tacit.
2143 595 2174 643 l.
2192 595 2224 643 l.
2256 595 2481 646 Casaub.

1420 670 1485 718 ad
1509 671 1726 719 Sueton.
1750 670 1885 732 Aug.
1907 686 1954 719 c.
1975 674 2056 719 15.
2098 671 2390 735 Schulting.
2411 671 2480 721 ad

1421 746 1672 797 Quinctil.
1695 747 1850 796 Deci.
1872 760 1910 797 1.
1935 751 2014 796 1⁰.
2038 755 2091 797 et
2107 748 2396 800 Commeat.
2414 748 2478 798 ad

1422 827 1628 875 Florum
1656 839 1718 874 n.
1739 830 1788 876 5.
1814 827 1909 889 §a
1932 826 2200 877 Adon-atam
2225 828 2483 884 tamen.'si

1420 904 1498 953 ita
1523 903 1804 951 voluissent
1819 902 1992 963 codd„
2012 914 2184 966 posset
2200 901 2484 954 defendere

1420 973 1593 1027 Amin.
1609 979 1943 1027 Marcellinus
1958 992 2076 1028 xiv.
2095 983 2174 1029 11.
2195 994 2246 1042 p.
2265 983 2346 1029 64.
2364 981 2381 1007 ‘
2397 980 2484 1031 Ita

1420 1056 1679 1117 colligatis
1706 1056 1952 1112 ‘manibus
1996 1055 2047 1103 in
2091 1058 2294 1108 niodum
2339 1056 2486 1106 noxii

1421 1132 1687 1195 cujusdam
1733 1132 1947 1180 latronis
2002 1132 2206 1181 cervice
2261 1132 2488 1182 abscissa

1422 1208 1634 1272 (melius
1660 1207 1890 1272 abscisa)
1915 1217 2198 1272 ereptaque
2235 1209 2408 1259 vnltns
2429 1216 2488 1258 et

1424 1286 1613 1347 capitis
1639 1283 1917 1347 dignitate,
1956 1286 2182 1335 cadaver
2217 1294 2300 1335 est
2334 1286 2486 1335 relic-

1425 1367 1534 1410 tum
1573 1359 1808 1424 informe,
1850 1362 2022 1422 paullo
2051 1369 2171 1409 ante
2198 1361 2408 1411 urbibus
2430 1368 2486 1411 et

1428 1438 1707 1499 provinciis
1722 1436 2094 1486 formidatum.’
2125 1439 2328 1488 Seneca
2352 1440 2486 1489 Con-

1426 1513 1522 1562 sol.
1544 1515 1606 1561 ad
1633 1514 1884 1562 Marciam
1907 1528 1953 1561 c.
1981 1517 2064 1562 20.
2093 1528 2143 1576 p.
2167 1518 2281 1562 285.
2301 1518 2316 1541 ⁸
2337 1514 2490 1565 Vidit

1427 1590 1729 1653 AEgyptium
1768 1588 2062 1639 carnificem
2102 1598 2156 1638 et
2190 1605 2492 1641 sacrosanc-

1430 1674 1538 1715 tum
1566 1668 1848 1715 victoribus
1883 1681 2072 1729 corpus
2107 1667 2322 1715 satelliti
2356 1679 2492 1729 prae-

1429 1743 1566 1792 stitit
1583 1742 1615 1790 ε’
1639 1750 1694 1793 et
1708 1742 1911 1792 Plinius
1930 1742 2096 1806 Epist.
2116 1755 2195 1791 vt.
2217 1746 2293 1792 10.
2315 1742 2331 1769 ‘
2350 1743 2491 1806 Neg-

1430 1820 1728 1883 lectumque
1753 1820 1978 1868 cinerem
2010 1819 2123 1867 siue
2164 1819 2338 1875 titulo,
2377 1821 2492 1868 siue

1431 1896 1635 1946 nornine
1652 1897 1855 1959 jacere,
1877 1896 2026 1959 cujus
2051 1895 2291 1943 memoria
2313 1896 2492 1945 orbem

1433 1980 1683 2021 terrarum
1706 1973 1870 2036 gloria
1893 1970 2240 2035 pervagetur.'
2307 1971 2494 2035 Neque

1432 2048 1552 2098 ideo
1597 2056 1772 2098 tamen
1822 2063 1944 2099 vera
1995 2048 2169 2098 lectio‘
2199 2047 2495 2097 damnanda

1433 2127 1554 2178 erit.
1585 2126 1763 2177 Arntz.

1501 2207 1530 2268 ς
1559 2209 1618 2255 12
1652 2202 1796 2267 Nilo]
1832 2203 1970 2252 Vide
1992 2199 2271 2253 Muncker.
2292 2200 2359 2252 ad
2382 2201 2496 2267 Hy·

1435 2280 1547 2347 giu.
1570 2280 1699 2329 Fab.
1718 2294 1813 2330 xv.
1847 2279 2022 2329 Arata.
2424 2283 2434 2290 ’

1498 2355 1750 2419 Jactatus]
1806 2355 1986 2404 Malim
2025 2354 2209 2415 jactus,
2263 2353 2496 2417 quamvis

1438 2428 1526 2479 lib.
1551 2444 1631 2478 lv.
1658 2430 1834 2478 excusi
1847 2429 2062 2490 jactatus
2086 2431 2274 2492 legant.
2310 2430 2499 2478 Schott.

1435 2506 1616 2573 Maliru
1629 2506 1844 2566 jactatus
1858 2520 1970 2555 cum
1993 2506 2261 2556 Palatinis.
2298 2505 2498 2554 Gruter.

1429 2581 1491 2630 Si
1534 2582 1750 2631 alternis
1786 2580 1984 2631 vicibus
2022 2582 2133 2630 haec
2172 2582 2252 2630 vel
2289 2581 2377 2629 illa
2399 2595 2501 2629 vox

1438 2657 1703 2720 probanda
1720 2659 1808 2721 sit,
1826 2673 1924 2721 ego
1947 2655 2362 2719 malimjactatus,
2383 2671 2499 2706 cum

1435 2734 1638 2783 cunetis
1660 2735 1791 2784 Mss.
1826 2734 1914 2783 ed.
1950 2734 2086 2783 Ven.
2117 2742 2174 2783 et
2205 2734 2380 2784 Mach.
2403 2747 2502 2783 nec

1436 2824 1666 2860 caussam
1705 2809 1855 2859 video
1877 2824 1970 2859 cur
1992 2810 2082 2859 alii
2107 2810 2362 2858 voluerint
2385 2824 2501 2858 eam

1437 2885 1705 2934 damnare.
1742 2886 1938 2934 Lucan.
1978 2898 2109 2934 vm.
2138 2887 2253 2933 698.
2286 2884 2505 2935 ‘Litora

1439 2962 1745 3024 Pompeium
1768 2959 1982 3023 feriunt,
2011 2971 2324 3024 truncusque
2350 2962 2506 3010 vado-

1440 3037 1510 3085 sis
1533 3038 1651 3086 Huc
1676 3038 1800 3085 illue
1811 3038 2051 3100 jactatur
2075 3035 2258 3100 aquis.’
2294 3037 2473 3088 Arata.

1504 3113 1553 3162 A
1577 3113 1740 3162 Servio
1767 3112 1946 3175 Codro]
1982 3114 2238 3168 Lucanus,
2258 3115 2273 3141 ‘
2299 3113 2345 3164 E
2376 3114 2504 3163 late·

1440 3190 1547 3239 bris
1573 3192 1789 3254 pavidus
1812 3190 2046 3239 decurrit
2067 3190 2131 3239 ab
2165 3204 2372 3254 aequore
2405 3192 2506 3241 Co-

1440 3264 1601 3316 drus.'
1634 3267 1715 3316 Ac
1742 3267 1912 3328 paullo
1935 3264 2173 3329 inferius,
2205 3268 2220 3294 ‘
2239 3268 2327 3318 Sic
2348 3266 2506 3330 fatus,

1441 3358 1629 3407 parvos
1651 3343 1862 3408 juvenis
1897 3345 2074 3406 procul
2111 3344 2298 3406 aspicit
2340 3344 2506 3410 ignes,

1443 3420 1647 3484 Corpus
1685 3420 1782 3468 vile
1817 3418 1939 3475 suis,
1973 3420 2116 3469 nullo
2145 3418 2361 3469 custode
2395 3434 2509 3469 cre·

1442 3495 1679 3548 mantes!
1711 3496 1876 3544 Mach-
1932 3496 2080 3545 Codri
2104 3497 2323 3544 nominis
2349 3497 2509 3547 vesti-

1444 3573 1582 3637 gium
1608 3573 1800 3620 nullum
1829 3571 1986 3620 habet
2020 3571 2377 3621 Palatinorum
2403 3574 2507 3636 pri-

1442 3664 1522 3710 or,
1576 3648 1712 3713 quod
1749 3656 1921 3697 tamen
1957 3648 2194 3697 baustum
2241 3662 2271 3696 e
2316 3649 2510 3699 Lucani

1444 3728 1729 3779 Pharsaliae
1767 3740 1889 3776 vm.
1912 3731 2026 3776 716.
2055 3728 2362 3777 Plutarchus
2397 3729 2509 3792 pie-

1446 3812 1608 3854 tatem
1650 3804 1800 3852 istam
1839 3802 2088 3852 adscribit
2138 3803 2406 3865 Philippo,
2450 3804 2510 3852 li-

1445 3882 1595 3930 berto
1623 3879 1876 3942 Pompeii.
1914 3878 2061 3929 Grut.
2131 3880 2286 3927 Codro
2309 3878 2376 3926 ab
2408 3893 2510 3928 uno

1442 3959 1596 4006 abest
1618 3958 1773 4006 Fran.
1809 3956 1898 4003 sed
1934 3955 2117 4017 reliqui
2153 3955 2279 4003 Mas.
2311 3963 2365 4002 et
2384 3954 2506 4006 edd.

1441 4033 1613 4082 Servio
1641 4034 1798 4080 Codro
1819 4036 2122 4079 constanter
2144 4028 2397 4080 scribunt.
2421 4031 2510 4082 De

1438 4112 1750 4173 cognomine
1773 4111 1868 4157 hoc
1888 4115 2130 4157 accurate
2146 4107 2381 4170 disputat
2399 4108 2510 4158 Ou-

1446 4184 1602 4235 dend.
1630 4184 1693 4233 ad
1721 4185 1914 4233 Lucan.
1939 4197 2066 4232 vm.
2085 4188 2203 4236 715.
2223 4184 2308 4246 qui
2331 4184 2510 4233 existi-

1446 4269 1558 4316 mat
1591 4275 1692 4312 nou
1733 4261 1939 4326 Codrum
1974 4273 2089 4314 esse
2123 4260 2511 4325 appellandum,
