3025 4934
484 365 618 434 866
1160 381 1552 434 ηοεκευε
1606 383 2044 436 emmonim

538 526 732 590 ‘1577
777 526 1000 599 Duaci,
1025 533 1086 588 4.
1131 527 1302 588 Sext.
1332 528 1488 589 Aur.
1524 528 1798 590 Victoris
1834 527 1911 590 de
1948 528 2121 591 Viris
2160 528 2266 591 lll.
2296 528 2706 592 utbisRomae

478 623 662 697 liber,
686 623 843 684 falso
868 623 1156 684 hactenus
1181 623 1365 684 Corn.
1398 624 1662 706 Nepoti,
1683 625 1779 686 vel
1805 625 1882 687 C.
1913 625 2126 687 Plinio
2154 626 2414 688 Caecilio
2454 629 2705 710 inscrip-

487 729 618 781 tus:
661 740 820 781 nunc
863 740 1069 781 recens
1107 741 1182 784 ex
1233 730 1381 784 vett.
1420 731 1484 782 et
1533 722 1685 784 Mss.
1718 721 2015 783 Codicum
2042 727 2488 806 comparatione
2512 725 2711 786 faetus

486 819 719 883 auctior
743 828 805 878 et
824 817 1197 879 emendatior
1233 820 1312 879 ab
1352 818 1554 881 Andr.
1598 819 1851 882 Schotto
1891 821 2330 902 Antverpiano.
2411 822 2709 902 Ejusdem

487 924 670 987 notae,
706 917 927 997 quibus
971 915 1188 996 partim
1226 916 1707 978 emendationum
1742 918 1898 978 ratio
1936 919 2298 1000 explicatur,
2335 920 2557 1000 partim
2600 923 2709 981 ob-

487 1033 659 1074 scura
677 1021 741 1073 et
766 1013 1154 1094 antiquitates
1170 1013 1576 1076 illustrantur:
1621 1023 1688 1075 ut
1712 1016 1846 1075 vice
1870 1016 2282 1077 commentarii
2303 1037 2431 1077 esse
2460 1019 2710 1098 possint.

489 1109 712 1183 Duaci,
758 1130 859 1193 ap.
906 1109 1007 1171 Jo.
1060 1110 1670 1190 Bogatdum.-—-Vid.
1718 1111 2125 1193 Hamberger.
2168 1113 2208 1177 l.
2255 1113 2301 1177 l.
2349 1112 2428 1177 T.
2458 1130 2543 1177 11.
2571 1135 2713 1197 pag.

485 1212 630 1270 817.

740 1464 993 1527 AETAS
1037 1464 1178 1528 III.
1223 1463 1837 1528 SOHOTTIANA
1881 1487 1977 1530 an.
2019 1473 2451 1533 1579-1678.

569 1627 729 1685 1579
768 1620 1152 1701 Antverpiae,
1200 1626 1262 1684 8.
1325 1617 1499 1680 Sext.
1556 1620 1715 1682 Aur.
1759 1620 2029 1683 Victoris
2070 1620 2363 1684 Historiae
2410 1623 2714 1686 Romanae

480 1719 862 1792 ‘Breviarium
890 1739 931 1779 a
961 1717 1001 1777 J
1006 1736 1124 1778 ano
1146 1724 1210 1780 et
1245 1716 1508 1778 Saturno
1534 1736 1722 1798 usque
1751 1717 1830 1778 ad
1859 1719 2238 1780 consulatum
2266 1739 2337 1783 x.
2369 1720 2718 1783 Constantii

484 1817 654 1896 Aug.
681 1824 745 1877 et
770 1815 810 1875 J
815 1814 1001 1875 uliani
1041 1813 1201 1874 Caes.
1232 1829 1344 1874 111.
1373 1833 1676 1894 nunquam
1706 1822 1885 1875 antea
1910 1814 2136 1876 editum
2159 1837 2177 1885 ;
2222 1816 2300 1877 de
2324 1817 2498 1878 Viris
2525 1818 2713 1879 Illus-

482 1915 708 1983 tribusg
754 1913 844 1974 de·
860 1912 1201 1972 Caesaribus
1228 1930 1244 1979 ;
1289 1909 1366 1970 de
1384 1909 1540 1971 Vita
1559 1918 1624 1971 et
1640 1910 1921 1972 Moribus
1945 1911 2378 1993 lmperatorum
2405 1915 2717 1996 Epitome,

479 2033 619 2074 cum
644 2010 1134 2090 castigationibus
1163 2008 1319 2067 Eliae
1366 2007 1601 2068 Vineti.
1688 2008 1787 2068 Ex
1818 2008 2190 2070 bibliotheca
2214 2009 2414 2072 Andr.
2448 2012 2717 2087 Schotti,

479 2112 577 2189 cuj
589 2130 654 2169 us
678 2109 862 2169 etiam
883 2115 1041 2167 uotae
1068 2106 1325 2185 adjectae
1349 2113 1504 2165 sunt.
1592 2105 1787 2165 Antv.
1816 2126 1896 2165 ex
1922 2105 2027 2168 off.
2058 2107 2481 2171 Plantiuiana.

559 2206 735 2266 Hinc
777 2224 934 2265 nova
970 2211 1117 2263 aetas
1149 2201 1216 2263 S.
1240 2195 1336 2262 Ἀ.
1368 2201 1610 2262 Victori
1654 2202 1856 2263 illuxit
1905 2223 1942 2263 a
1991 2202 2244 2265 Schotto
2288 2203 2418 2283 ejus
2470 2205 2720 2281 reduce,
2847 2239 2852 2244 ’

480 2303 586 2383 qui
612 2302 835 2382 primus
859 2299 1019 2359 illius
1045 2298 1424 2359 Breviarium
1456 2297 1630 2359 Hist.
1658 2298 1846 2360 Rom.
1874 2320 1925 2361 s.
1947 2298 2023 2360 de
2053 2299 2302 2380 Origine
2329 2297 2548 2363 Gentis
2573 2303 2717 2365 Ro-

479 2418 673 2462 manae
701 2405 764 2457 et
802 2396 1021 2466 librum
1060 2394 1138 2455 de
1168 2394 1512 2455 Caesaribus
1538 2415 1616 2455 ex
1644 2395 2015 2457 bibliotheca
2055 2418 2166 2458 sua
2207 2399 2475 2479 protulit,
2521 2401 2721 2481 iisque

479 2497 698 2557 librum
723 2494 801 2556 de
829 2493 1008 2555 Viris
1027 2492 1261 2553 Illustr.
1290 2512 1328 2551 a
1347 2513 1410 2553 se
1438 2492 1682 2555 Victori
1711 2502 1891 2553 antea
1911 2494 2306 2569 vindicatum,
2348 2504 2410 2555 et
2431 2496 2606 2556 illum
2632 2497 2719 2558 de

480 2594 635 2654 Vita
661 2601 724 2653 et
761 2591 1036 2653 Moribus
1064 2589 1266 2672 Impp.
1297 2590 1480 2652 Rom.
1532 2611 1571 2651 a
1609 2591 1851 2670 juniore
1890 2590 2152 2671 quodam
2181 2601 2423 2654 auctore
2451 2614 2530 2653 ex
2559 2594 2720 2656 Vie-

477 2700 605 2768 tore
630 2697 1002 2771 excerptum,
1025 2688 1110 2749 ita
1131 2697 1202 2748 ut
1218 2687 1297 2747 ab
1325 2707 1408 2748 eo·
1420 2688 1641 2769 passim
1659 2687 2031 2761 dissentiret,
2045 2708 2084 2748 a
2104 2688 2340 2750 Vineto
2355 2691 2722 2770 castigatum

475 2788 795 2867 conjunxit
820 2787 878 2845 in
902 2805 1086 2845 unum
1115 2784 1419 2848 volumen.
1464 2784 1716 2846 Priores
1743 2785 1870 2844 bini
1899 2784 2037 2844 libri
2064 2782 2218 2845 adeo
2249 2785 2533 2847 dicuntur
2560 2787 2721 2848 Vie-

474 2895 571 2960 tor
597 2883 860 2955 Schotti,
906 2890 975 2942 ut
1016 2881 1095 2941 ab
1134 2881 1296 2941 hisce
1341 2880 1764 2961 posterioribus
1805 2881 1973 2963 prius
2014 2880 2192 2941 editis
2226 2882 2722 2963 distingueretur.

478 2981 772 3062 Repetita
794 2980 922 3046 baec
948 2978 1137 3040 editio
1158 2978 1555 3040 Plautiniana
1571 2987 1662 3039 est
1685 2985 1871 3041 1582.
1896 2978 2033 3038 inde
2055 2979 2347 3040 translata
2368 2969 2440 3039 in,
2460 2981 2722 3062 Sylbut-

479 3080 714 3158 gianam
743 3076 1187 3149 collectionem,
1214 3076 1291 3136 de
1321 3095 1442 3157 qua
1469 3074 1611 3136 vide
1652 3094 1750 3134 an.
1790 3080 1970 3136 1588.
2058 3074 2267 3136 Secuti
2294 3084 2431 3136 sunt
2458 3076 2721 3159 Dionys.

481 3173 893 3236 Gotbot'redus
939 3174 1003 3232 in
1041 3172 1214 3233 Hist.
1248 3172 1531 3252 Antiqua
1575 3169 1766 3232 Basil.
1813 3176 1998 3233 1590.
2046 3180 2110 3232 et
2152 3172 2484 3251 Argentor.
2532 3181 2720 3237 1604.

485 3272 701 3331 Franc.
732 3268 1185 3350 Raphelengius
1210 3269 1267 3328 in
1299 3267 1471 3328 Hist.
1501 3267 1667 3346 Aug,
1692 3266 1942 3348 Scriptt.
1970 3268 2115 3330 min.
2141 3273 2322 3332 1607.
2345 3270 2475 3350 ipse
2501 3270 2722 3333 Schot-

484 3378 582 3430 tus
628 3368 783 3427 inter
820 3365 1027 3445 Opera
1081 3364 1265 3425 Corn.
1317 3365 1582 3445 Nepotis
1625 3371 1807 3428 1609.
1851 3364 2044 3426 Janus
2087 3364 2381 3425 Gruterus
2422 3367 2483 3426 in
2544 3367 2721 3432 Hist.

488 3466 656 3544 Aug.
687 3463 934 3543 Scriptt.
961 3463 1105 3522 min.
1132 3468 1312 3524 1611.
1342 3481 1492 3542 quos
1511 3461 1804 3522 recensuit
1833 3461 1987 3522 Mss.
2010 3461 2160 3523 Pal.
2180 3482 2321 3523 usus
2339 3471 2401 3522 et
2426 3463 2489 3524 in
2517 3465 2723 3545 capita

489 3563 720 3634 divisit,
776 3559 1164 3622 Genevenses
1215 3558 1276 3618 in
1338 3557 1525 3640 Corp.
1577 3557 1750 3620 Hist.
1810 3558 1942 3620 Lat.
2003 3567 2118 3631 ter,
2173 3565 2356 3620 1609.
2418 3567 2601 3623 1623.
2654 3572 2724 3624 et

487 3666 675 3721 1653.
708 3654 1300 3732 Amsterodamenses
1339 3654 1401 3714 in
1441 3654 1612 3717 Hist.
1653 3654 1845 3718 Rom.
1891 3655 2175 3737 Epitome
2213 3662 2398 3716 1615.
2446 3663 2628 3718 1625.
2656 3669 2725 3719 et

492 3762 675 3819 1647.
722 3739 1011 3814 Elzevirii
1053 3752 1115 3812 in
1162 3751 1434 3833 Republ.
1474 3750 1663 3812 Rom.
1699 3757 1883 3814 1629.
1931 3751 2319 3815 Boxhornius
2364 3752 2425 3811 in
2468 3751 2720 3835 Scriptt.

495 3853 668 3916 Hist.
695 3850 861 3929 Aug.
906 3848 1065 3910 Min.
1094 3856 1276 3909 1632.
1321 3848 1471 3909 Nic.
1519 3847 1898 3911 Blancardus
1924 3850 1984 3909 in
2015 3848 2188 3910 Hist.
2217 3848 2407 3911 Rom.
2437 3849 2720 3930 Epitome

494 3958 677 4012 1649.
717 3947 953 4025 Tanaq.
997 3945 1195 4005 Faber
1229 3947 1290 4005 in
1335 3944 1628 4026 Eutropio
1670 3953 1732 4005 et
1768 3945 2021 4007 Victore
2068 3965 2204 4006 cum
2250 3945 2530 4006 brevibus
2567 3941 2723 4009 notis

495 4054 681 4111 1667.
765 4043 1007 4122 Agmen
1039 4041 1272 4103 claudit
1298 4039 1364 4103 S.
1395 4040 1555 4103 Aur.
1575 4040 1797 4104 Victor
1819 4063 1958 4104 cum
1979 4042 2158 4102 notis.
2176 4061 2334 4104 varr.
2363 4051 2427 4102 et
2451 4043 2721 4106 iconibus

500 4143 695 4224 Lugd.
724 4140 1081 4203 Bat.1671.

587 4246 744 4304 1582
785 4238 1083 4318 Antverp.
1114 4244 1173 4300 8.
1220 4234 1288 4301 S.
1322 4239 1475 4299 Aur.
1504 4236 1725 4299 Victor
1742 4235 2024 4316 repetitus
2044 4254 2122 4300 ex
2149 4233 2245 4299 ed.
2269 4233 2510 4299 Schotti
2533 4242 2707 4302 1579.
