3025 4934
701 371 986 432 AUREL.
1014 369 1211 418 vm'r.
1265 368 1684 435 EPITOMEN,
1731 373 1895 427 OAP.
1944 371 2056 421 IX.

272 528 370 566 non
390 511 712 578 infrugifera
727 513 865 572 forte,
880 514 1121 564 diatriba—
1132 512 1339 565 ostendi

271 594 334 642 ad
369 593 461 643 illa
490 591 669 647 *Taciti
705 591 771 641 de
805 593 963 643 Silio:
995 593 1010 619 ‘
1036 590 1338 642 Credebant

268 669 503 731 plerique
543 676 751 719 auctam
794 667 1133 719 offensionem
1178 668 1339 729 ipsius

264 745 696 810 intemperantia,
750 746 1021 795 immodice
1063 745 1337 809 jactantis,

269 837 413 871 snum
437 822 658 871 militem
683 825 735 870 iu
761 823 1010 885 obsequio
1051 820 1337 883 derasisse,

269 913 383 949 eum
400 900 490 948 alii
514 899 583 948 ad
609 899 887 948 seditiones
908 898 1303 962 prolaberentur
1321 912 1337 945 a

268 988 436 1036 neque
472 989 773 1025 mansurum
808 975 1020 1024 Tiberio
1043 975 1336 1037 imperium,
1366 1036 1371 1041 ἠ

268 1052 310 1099 si
348 1052 424 1109 iis.¹
449 1065 662 1115 quoq-ue
697 1051 988 1112 legionibus
1023 1051 1213 1115 cupido
1243 1065 1333 1102 no·

271 1127 418 1181 randi
441 1126 650 1185 suisset.
685 1187 688 1191 .
716 1128 937 1177 Destrui
966 1143 1062 1191 per
1094 1128 1208 1177 hoec
1230 1127 1334 1179 for·

269 1209 445 1252 tunam
501 1217 651 1252 suam
714 1205 908 1260 Caesar,
978 1206 1335 1269 imparemque

270 1284 410 1327 tanto
433 1279 628 1329 merito
652 1281 898 1337 rebatur:
935 1295 1052 1331 nam
1085 1281 1335 1331 beneficia
1366 1326 1370 1331 .

271 1370 333 1405 eo
373 1372 541 1421 nsque
581 1359 887 1419 laetasunt,
928 1357 1051 1408 dum
1092 1357 1335 1408 videntur

269 1433 461 1482 exsolvi
486 1448 679 1497 posse;
715 1436 803 1484 ubi
837 1436 1053 1487 multum
1090 1443 1213 1486 ante
1247 1451 1334 1486 ve·
1362 1484 1367 1489 ,

268 1521 410 1571 nere,
457 1524 557 1573 pro
590 1511 766 1573 ⁴gratia
809 1512 980 1565 odium
1006 1511 1330 1565 .redditur:’

226 1596 231 1605 '
267 1583 455 1635 Annal.
480 1600 561 1637 lv.
582 1592 664 1637 18.
699 1588 848 1639 Grst.

332 1663 480 1718 Nosti
494 1679 570 1714 me
589 1665 747 1713 οἱνιυη
759 1664 884 1728 esse]
908 1664 1100 1729 Sensus
1121 1665 1333 1716 nimium
1356 1716 1359 1717 γ

267 1735 376 1787 fere
398 1748 550 1803 patet
568 1756 585 1790 ε
620 1752 676 1790 et
703 1749 876 1791 tamen
901 1743 1016 1804 plus
1039 1759 1191 1808 quam
1211 1745 1335 1795 ridi·
1368 1798 1371 1799 γ

269 1815 412 1865 culus
430 1823 513 1866 est
529 1817 711 1881 Scipio
728 1817 1043 1868 Ammiratns
1062 1819 1160 1868 snb
1176 1819 1333 1870 finem

270 1890 545 1943 Discursus
568 1895 764 1955 octavi,
788 1894 924 1945 libro
942 1909 978 1944 ι.
1001 1896 1054 1945 ἰιι
1078 1897 1335 1959 Tacitum,

268 1966 355 2017 nbi
405 1968 791 2033 interpretatur
840 1972 996 2045 illud·
1019 1972 1333 2035 Vespasiani
1366 2026 1369 2031 ⁴

268 2043 331 2092 ad
353 2046 681 2108 Mucianum,
713 2050 862 2110 cujus
885 2050 1120 2099 meminit
1146 2050 1332 2101 Sueto·

269 2121 380 2169 nius
405 2138 526 2188 cap.
556 2130 634 2175 13.
669 2124 686 2152 ‘
711 2126 823 2187 Ego
850 2132 1021 2175 tamen
1054 2127 1133 2176 vir
1164 2142 1277 2177 sum
1297 2127 1334 2176 :'

271 2197 464 2262 qnippe
504 2200 635 2251 nihil
667 2200 808 2251 aliud
846 2203 975 2265 vult,
1012 2217 1165 2268 quam
1193 2204 1332 2267 quod

270 2275 525 2329 Valerius.
565 2280 854 2342 Asiaticus,
900 2280 989 2344 qui
1041 2281 1332 2345 objectanti

272 2350 365 2413 ipsi
386 2355 661 2406 mollitiam
685 2358 913 2418 corporis
936 2355 1120 2418 Snilio,
1152 2365 1168 2387 ‘
1192 2358 1332 2408 victo

274 2426 474 2478 silentio
500 2430 742 2494 prorupit
766 2445 904 2487 reus.
937 2439 1010 2486 et.
1035 2432 1332 2504 Interroga,

272 2501 642 2566 inquit,.Suili,
677 2505 810 2555 filios
847 2516 1000 2567 tuos3
1049 2508 1213 2557 virum
1249 2524 1333 2559 me

273 2590 382 2637 esse
418 2579 764 2633 fatebuntur?
817 2581 1008 2631 Annal.
1055 2595 1139 2632 xx.
1179 2588 1230 2634 2.
1279 2599 1330 2648 p.

274 2655 418 2707 (ἔνια.
469 2658 646 2709 Cet-da
665 2660 730 2709 ad
749 2659 933 2722 Virgil.
951 2659 1064 2709 Ecl.
1085 2673 1174 2710 ιιι.
1197 2675 1335 2712 vers.

275 2732 530 2783 7.,Δνπίι.

330 2809 360 2871 §
386 2815 425 2859 ,4
463 2811 672 2874 obliqua
691 2811 896 2875 dicta1‘
922 2812 1141 2874 Figuras
1161 2811 1175 2833 ’
1204 2812 1330 2865 Sue-

275 2889 378 2937 ton.
431 2902 554 2952 cap.
605 2893 680 2939 13.
729 2897 785 2938 et
840 2889 1038 2941 Domit.
1089 2904 1207 2954 cap.
1252 2895 1332 2942 1⁰.

270 2960 286 2986 ‘
309 2962 513 3015 Morsus
535 2967 788 3029 figuratos
808 2966 822 2988 ’
849 2968 1083 3018 Macrob.
1106 2969 1198 3021 lib.
1223 2983 1332 3019 vn.

271 3036 473 3093 Satura.
500 3053 672 3094 vocat.
733 3046 814 3094 De
840 3046 1110 3096 Demetrio
1133 3046 1329 3109 Cynico

271 3113 586 3182 Philosopho
609 3121 824 3169 Tacitus
848 3121 992 3170 Hist.
1014 3135 1094 3171 ιν.
1115 3122 1334 3171 Sueton-

268 3191 389 3245 Dio.
421 3197 608 3249 Schott.
657 3201 890 3249 Martini.
909 3201 1093 3263 Epigr.
1121 3213 1223 3251 vu.
1246 3206 1330 3250 61.

270 3265 286 3293 ‘
309 3269 376 3323 Et
396 3271 548 3324 notet
573 3276 783 3338 obliqua
803 3277 1109 3337 garrulitate
1132 3276 1333 3326 cliens.’

267 3342 478 3399 Sueten.
500 3353 699 3402 Domit.
722 3368 839 3414 cap.
856 3357 905 3403 2.
935 3355 952 3381 ⁸
974 3352 1183 3416 Carpsit
1201 3354 1330 3403 obli-

271 3426 383 3481 quis
425 3431 748 3479 orationibus
790 3441 846 3479 et
889 3430 1116 3480 edictis.'
1174 3431 1329 3496 Apud

269 3495 500 3554 Tacitum
538 3503 679 3555 Anu.
702 3520 766 3555 ιι.
799 3512 883 3555 55.
918 3507 934 3533 ‘
959 3506 1188 3571 Oblique
1212 3521 1330 3571 per-

272 3576 562 3643 stringere:
618 3582 878 3646 quomodo
927 3583 1199 3647 aliquoties
1239 3583 1331 3633 ille

271 3658 449 3702 auctor
463 3657 698 3716 locutus;
718 3664 772 3707 et
788 3658 1174 3710 ,Quinctilianus
1194 3658 1330 3710 Inst.

271 3736 352 3776 lx.
385 3734 438 3780 2.
489 3736 506 3762 ‘
545 3733 802 3798 Obliquas
841 3733 1161 3783 sententias'
1194 3733 1333 3785 dixit

272 3815 368 3854 non
392 3818 494 3860 uno
516 3812 650 3861 loco.
706 3811 862 3861 Adde
884 3813 1106 3862 Gerart.
1126 3811 1191 3861 ad
1214 3814 1330 3863 Sta·

271 3877 393 3928 tium
413 3883 556 3949 Sylv.
581 3901 621 3935 1.
638 3891 687 3937 2.
711 3900 845 3935 vers.
865 3890 949 3937 2⁷.
971 3894 1029 3937 et
1047 3887 1245 3938 Duker.
1261 3888 1327 3938 ad

273 3951 472 4008 Florum
493 3975 570 4011 ιν.
594 3966 642 4010 2.
664 3965 691 4027 §
713 3967 762 4011 9.
797 3963 975 4012 Arntz.

301 4097 306 4102 .
333 4032 360 4094 §
394 4039 423 4082 6
459 4037 837 4100 Prudentissime
857 4043 1013 4101 ratus,
1032 4039 1220 4098 nefaria
1238 4039 1330 4088 mi»

274 4103 464 4158 ”hieria
494 4128 524 4161 a
554 4113 769 4177 pluribus
790 4120 915 4163 metu
935 4116 1122 4178 curari]
1153 4116 1325 4165 Vere:

275 4181 406 4232 unde
431 4194 486 4235 et
517 4188 771 4238 Pertinax
804 4191 942 4251 apud
977 4190 1328 4254 Capitolinum

277 4270 387 4323 esp.
410 4269 459 4316 5.
494 4267 740 4319 Falconi:
775 4271 791 4327 f
816 4268 850 4319 J
857 4271 1032 4321 urenis
1055 4284 1112 4321 es
1130 4272 1328 4335 consul,

2326 358 2496 435 797,

1417 526 1518 563 nec
1557 512 1775 576 parendi
1813 513 1911 569 scis
1947 514 2351 567 necessitatemz
2388 531 2479 581 pa.

1416 599 1627 640 ruerunt
1650 591 1797 646 iuviti
1818 592 2133 654 Commod03
2165 594 2255 646 sed
2280 593 2366 643 ubi
2390 596 2480 646 lia-

1416 663 1642 716 buerunt
1663 664 1991 728 facultatem,
2011 668 2137 732 quid
2159 684 2364 733 semper
2385 685 2476 723 ‚vo-
2505 718 2510 721 ,

1413 741 1607 790 luerint
1645 742 2026 795 ostenderunt.’
2071 745 2282 795 Curtius
2324 747 2478 796 Mon-

1416 824 1570 869 tanus
1592 817 1741 881 apud
1769 820 2010 871 Tacitum
2045 821 2256 873 Hister.
2283 836 2362 872 tv.
2392 827 2477 883 ΛΒ.

1414 899 1429 925 ‘
1454 892 1586 943 Haec
1607 895 1789 956 certe,'
1822 896 2008 961 inquit,
2038 899 2056 926 ‘
2081 899 2224 963 Nero
2255 915 2358 950 non
2395 915 2482 951 coa·

1413 969 1546 1035 egit,
1575 985 1674 1022 nec
1695 973 2003 1036 dignitatem
2029 983 2120 1029 aut
2141 978 2363 1045 salutem
2386 979 2478 1040 illa
2505 1024 2514 1035 ,

1413 1050 1616 1099 saevitia
1643 1049 1946 1109 redemisti.
2012 1052 2150 1103 Sane
2196 1053 2476 1105 toleremus
2509 1101 2516 1111 ,

1413 1124 1628 1176 istorum
1645 1126 1975 1179 defensiones
1992 1130 2078 1193 qui
2096 1129 2314 1194 perdere
2329 1131 2477 1195 alios,

1410 1215 1564 1265 quam
1621 1205 1910 1267 periclitari
1965 1206 2066 1269 ipsi
2117 1207 2412 1257 maluerunt
2439 1208 2476 1257 τ’

1414 1278 1501 1326 ubi
1523 1294 1616 1331 nos
1648 1281 1831 1343 plura:
1866 1281 2293 1346 quemadmodum
2316 1285 2474 1359 etiam

1410 1355 1597 1413 eodem
1644 1357 1859 1422 quidem
1902 1358 2052 1413 libro,
2105 1358 2197 1407 sed
2223 1360 2476 1410 sectione

1411 1439 1635 1483 octavaz
1671 1432 1744 1481 ibi
1767 1434 1901 1482 enim
1934 1434 2233 1484 luculenter
2254 1435 2476 1493 ostendi,

1411 1515 1428 1538 ‘
1456 1509 1722 1560 ,scelernm
1767 1511 2148 1573 tyrannicorum
2191 1510 2317 1566 illud
2349 1527 2476 1563 esse

1412 1586 1495 1634 rel
1533 1586 1830 1640 maximum.
1877 1584 2016 1649 quod
2054 1599 2208 1641 nemo
2246 1586 2474 1647 omnium

1410 1660 1540 1715 satis
1585 1667 1729 1711 tutus
1767 1661 1855 1723 sit,
1901 1662 1943 1710 si
1979 1669 2124 1711 recte
2152 1660 2366 1725 faciat?
2397 1664 2475 1715 uti

1409 1737 1643 1801 loquitur
1686 1736 1800 1788 fere
1839 1738 2067 1802 Lepidus
2112 1741 2292 1789 consul
2336 1741 2473 1806 apud

1410 1818 1620 1868 Sallust.
1641 1818 1696 1868 in
1721 1817 2046 1884 fragmentis.
2084 1820 2231 1870 (ἔπιέ.

1475 1898 1504 1959 §
1527 1900 1557 1944 7
1600 1897 1687 1946 Uti
1708 1897 1902 1959 quidam
1919 1913 2061 1961 praue
2078 1896 2275 1961 putant]
2311 1898 2375 1949 In
2394 1898 2474 1949 his

1412 1971 1572 2021 Corn.
1592 1972 1761 2022 Tacit.
1778 1972 1919 2023 Hist.
1935 1973 2071 2036 Aug.
2090 1975 2179 2023 lib.
2196 1989 2262 2023 11.
2285 1977 2301 2003 ‘
2315 1974 2476 2026 Pror-

1407 2061 1513 2104 sus,
1548 2047 1590 2096 si
1626 2049 1844 2098 avaritia
1867 2050 2093 2112 abesset,
2130 2052 2355 2115 antiquis
2377 2051 2483 2121 ἀει·-Δ

1410 2125 1556 2175 cibus
1575 2125 1707 2188 par.'
1740 2125 1925 2176 δώσω.

1472 2204 1501 2266 §
1520 2207 1552 2251 8
1574 2202 1853 2262 Deformem
1865 2204 2119 2268 incendiis]
2142 2205 2337 2255 Iisdem
2357 2218 2474 2255 ver·

1410 2279 1491 2328 bis
1526 2280 1744 2330 Sueten.
1791 2295 1945 2344 capp.
1983 2294 2109 2339 νιιι.
2150 2288 2206 2330 et
2244 2295 2327 2331 tx.
2392 2282 2474 2331 De

1411 2355 1655 2416 Capitolii
1686 2356 1830 2405 saria
1852 2355 2063 2405 fortuna
2086 2358 2349 2422 primaque
2372 2358 2476 2407 ori·

1407 2429 1527 2490 gine
1562 2431 1872 2480 Plutarchus
1911 2432 2199 2495 Poplicola,
2232 2443 2288 2482 et
2318 2433 2473 2483 Taci-

1412 2516 1496 2554 tus
1527 2506 1729 2559 Histor.
1754 2507 2103 2571 Augustalib.
2124 2523 2212 2558 ιιι.
2244 2512 2471 2573 legendi.
2509 2566 2514 2572 ,

1408 2582 1561 2632 Infra
1588 2598 1737 2646 prono
1770 2586 2094 2645 transgressui
2119 2586 2323 2648 CuJacii
2352 2588 2478 2645 cod.
2509 2643 2513 2647 ,

1410 2666 1467 2708 et
1512 2661 1751 2710 Per-tunsa
1783 2670 1923 2722 petra
1960 2670 2272 2712 constanter,
2293 2678 2472 2714 omnes

1410 2737 1666 2787 scribunt.
1698 2737 1888 2798 Solam.

1474 2815 1503 2876 §
1540 2816 1605 2863 12
1638 2814 1702 2862 In
1723 2814 1862 2877 pace]
1897 2815 1959 2863 In
1990 2817 2472 2885 pace-’moaccusandi

1408 2903 1534 2941 casu
1556 2890 1687 2939 Mss.
1726 2906 1841 2955 quae
1876 2892 2034 2941 lectio
2063 2893 2275 2942 nimium
2309 2909 2469 2958 quan·

1408 2972 1519 3014 tum
1555 2975 1789 3029 praestat.
1853 2967 1917 3015 In
1950 2967 2199 3016 Suetonio
2233 2982 2350 3029 cap.
2387 2983 2471 3019 vl.

1415 3041 1668 3102 Vologesias
1707 3042 1938 3104 optimi-
1988 3041 2108 3093 libri
2163 3041 2468 3097 inflectunt.

1407 3119 1596 3172 Schott.
1645 3121 1712 3183 In·
1725 3136 1887 3183 paoem
1905 3123 2065 3170 nostri
2088 3135 2280 3173 omnes.
2299 3123 2473 3172 Arata.

1472 3198 1600 3260 §.18
1633 3196 1779 3261 Syria
1816 3212 1899 3247 seta
1934 3198 2221 3255 Poloestina,
2256 3212 2342 3246 nee
2374 3213 2471 3249 non

1410 3277 1586 3326 Cilicia
1607 3277 1817 3327 Traolmt
1850 3282 1901 3326 et
1932 3274 2265 3339 Commagene]
2301 3276 2469 3326 Vetus

1405 3353 1525 3402 cod.
1558 3352 1721 3417 ng'a,
1763 3353 1842 3402 cui
1878 3352 2145 3401 Poloestina
2176 3365 2342 3401 nomen
2375 3358 2468 3413 ωε,

1407 3430 1671 3494 Ciliciaque
1706 3445 1763 3478 ac
1799 3430 2003 3479 Thracia
2039 3435 2087 3478 et
2129 3429 2470 3490 Commagene:

1403 3507 1546 3555 locus
1570 3507 1730 3555 etiam
1757 3506 1893 3569 apud
1922 3505 2231 3568 Eutropium
2254 3518 2472 3569 corrup·

1372 3589 1507 3633 .tus.
1565 3582 1727 3632 Vinet.
1814 3580 2163 3630 Floriacensis
2208 3580 2381 3629 stacia
2418 3586 2468 3630 et

1407 3658 1725 3719 Commagena
1745 3658 1930 3709 scribit
1955 3671 2049 3720 per
2075 3657 2290 3719 primam
2313 3671 2469 3706 voca·

1404 3734 1523 3782 lem.
1573 3735 1859 3796 Eutropius
1882 3734 1898 3761 ‘
1922 3732 2471 3796 Trachiam-Ciliciam,

1401 3809 1686 3860 Tracheam
1732 3810 2148 3872 Commagenem,
2202 3822 2319 3871 quae
2343 3850 2348 3857 .
2371 3808 2466 3858 sub

1403 3886 1608 3951 regibus
1624 3886 1801 3935 amicis
1820 3894 1989 3942 erant,
2010 3886 2063 3933 in
2082 3885 2468 3948 provinciarum

1400 3962 1620 4011 formam
1664 3961 1903 4025 redegit.’
1961 3961 2119 4025 Apud
2162 3962 2495 4011 Suetonium»-

1401 4053 1606 4103 quoque
1628 4053 1677 4087 c.
1703 4042 1753 4089 8.
1768 4045 1800 4085 .‘
1820 4038 2092 4087 Trachiam
2113 4035 2128 4057 ’
2161 4038 2214 4086 in
2237 4038 2466 4102 antiquis

1403 4116 1549 4164 libris
1583 4117 1834 4178 scriptum
1857 4115 2017 4164 fuisse
2042 4122 2270 4164 testatur
2304 4117 2467 4164 Theo-

1403 4191 1562 4241 dorus
1579 4192 1901 4241 Pulmannus
1918 4199 2111 4247 noster,
2135 4192 2223 4254 qui
2239 4192 2350 4255 jam
2374 4192 2464 4243 din

1403 4284 1548 4321 suam
1567 4271 1619 4320 in
1634 4268 1970 4322 emendandis
1987 4268 2290 4320 auctoribus
2307 4269 2470 4320 fidem
2495 4320 2508 4325 ἢ
