3025 4934
510 409 643 475 574

510 569 765 621 sacrificia
798 568 973 619 vinnm
1012 565 1358 619 adhibebatur
1386 568 1441 619 in
1475 567 1566 619 bo·

510 661 688 697 norem
714 646 963 707 Deorum,
1002 651 1064 694 ut
1105 645 1322 694 cuilibet
1358 644 1564 695 notissi-

507 736 648 773 mum
670 729 769 777 est,
794 720 861 769 ad
883 733 1037 786 quem
1075 734 1223 770 usum
1251 721 1406 771 etiam
1429 721 1567 771 bunc

507 798 693 849 cadum
716 796 971 847 destinare
994 798 1169 861 potuit
1192 796 1395 847 Curius.
1423 798 1567 849 Qua-

506 888 564 923 re
586 872 803 931 factum,
832 880 890 923 ut
913 872 1108 923 Noster
1127 873 1296 922 edan
1316 873 1565 936 posuerit,

506 965 623 1000 cnm
641 955 838 1012 gattam
870 963 960 999 seu
996 949 1211 999 catillum
1253 962 1448 1012 ponere
1471 948 1565 997 de·

506 1025 722 1075 buisset.
792 1025 861 1075 Et
895 1025 1017 1091 quid
1041 1025 1084 1074 si
1105 1026 1276 1075 cedunt
1297 1025 1566 1088 acceperit

503 1103 559 1153 in
580 1117 772 1167 genere
805 1117 901 1167 pro
922 1117 1229 1168 quocunque
1251 1104 1565 1153 instrumen-

506 1187 582 1236 to.
602 1195 703 1245 quo
723 1180 922 1244 liquida
954 1179 1251 1230 conduntur
1283 1181 1366 1230 vel
1389 1179 1564 1231 infun·

504 1255 734 1306 duntur?
768 1256 904 1321 quod
928 1271 1067 1306 nunc
1105 1256 1422 1319 potissimum
1446 1272 1564 1309 cre·

503 1332 746 1395 diderim,
782 1347 900 1382 cum
935 1332 1137 1396 proprii
1156 1332 1271 1382 cadi
1295 1348 1398 1383 non
1422 1334 1498 1384 ita
1531 1347 1564 1384 e

500 1408 646 1470 ligno
681 1406 887 1456 flerent.
975 1408 1143 1472 Rupes
1179 1423 1295 1458 cum
1337 1410 1460 1460 edd.
1502 1418 1562 1461 et

504 1484 636 1534 Mss.
659 1486 998 1552 praetulimus,
1031 1498 1151 1535 cum
1186 1493 1460 1552 utrumque
1481 1486 1562 1537 di·

502 1568 666 1609 catur.
696 1559 875 1611 Arntz.

566 1637 631 1686 In
647 1638 860 1703 ἀοηιιπι]
884 1639 1045 1698 Quasi
1061 1639 1161 1689 hoc
1182 1638 1565 1690 substantivum

500 1723 619 1763 cum
648 1715 1022 1777 prepositione
1045 1716 1278 1766 construi
1315 1729 1415 1765 non
1440 1730 1561 1779 pos-

500 1796 602 1852 set,
624 1790 766 1840 illam
790 1792 1045 1854 abjiciunt
1084 1792 1237 1842 Fran.
1260 1801 1319 1842 et
1338 1791 1563 1842 Leidxz.

501 1867 593 1915 sed
640 1866 970 1918 manifestum
1029 1868 1258 1932 produnt
1306 1881 1558 1918 errorem.

501 1941 634 1992 Livii
676 1944 821 2007 Epit.
857 1945 948 1994 lib.
972 1957 1069 1994 mr.
1104 1946 1120 1972 ⁴
1141 1944 1255 1994 Nec
1278 1944 1560 2007 quidquam

500 2032 570 2067 ex
606 2018 671 2067 iis
705 2019 896 2082 opibus
919 2019 1334 2084 ornamentisque
1376 2019 1428 2067 in
1468 2019 1561 2068 do·

497 2110 638 2145 mum
661 2096 778 2159 ejus
800 2095 1083 2159 pervenit?
1142 2094 1450 2160 Apul-Met.
1471 2109 1565 2144 su.

500 2176 615 2222 1⁸4.
648 2172 767 2222 ‘Ad
826 2173 1053 2222 domum·
1092 2186 1239 2222 snam
1279 2170 1562 2234 perduxit!

496 2250 679 2300 Plant.
705 2251 862 2314 Capt.
900 2264 980 2301 tv.
1011 2254 1064 2301 4.
1086 2254 1137 2302 8.
1171 2257 1188 2280 ‘
1207 2250 1566 2315 Intemperies

496 2324 652 2373 modo
686 2324 738 2375 in
783 2334 1011 2375 nostram
1069 2325 1283 2376 advenit
1322 2328 1564 2377 domum.’

494 2400 708 2452 Terent.
731 2403 867 2454 Eun.
889 2417 955 2453 ιι.
975 2407 1025 2453 3.
1043 2407 1128 2452 90.
1159 2402 1177 2431 ⁴
1197 2404 1326 2454 siin
1347 2403 1557 2454 domum

494 2479 845 2529 meretriciam
882 2477 1147 2530 deducar.’
1211 2477 1447 2530 ‘Attulit
1486 2479 1557 2531 ad

493 2552 701 2603 domum
720 2553 737 2576 ’
768 2553 1118 2618 apudAscon.
1140 2553 1208 2604 ad
1232 2553 1364 2619 Arg.
1382 2555 1557 2606 Cicer.

492 2642 590 2694 pro
607 2631 723 2680 Mil.
749 2645 867 2694 pag.
890 2634 1005 2681 776.
1040 2631 1125 2681 ed.
1147 2632 1324 2681 Graev.
1381 2633 1555 2683 Livius

495 2719 659 2756 xxvi.
681 2711 763 2757 6⁰.
794 2709 810 2736 ‘
830 2709 1133 2771 sponsoque
1173 2707 1240 2759 ab
1276 2708 1431 2758 domo
1469 2724 1554 2760 ac·

493 2783 648 2834 citis!
679 2792 733 2833 et
752 2796 901 2833 xmv.
922 2788 1005 2834 45.
1028 2786 1045 2812 ⁴
1064 2786 1176 2834 Rex
1199 2787 1250 2834 in
1275 2785 1481 2835 domum
1498 2801 1555 2835 se

491 2857 735 2923 recepit.’
797 2860 971 2910 Tacit.
989 2859 1126 2910 Ann-
1151 2873 1260 2911 xu.
1282 2866 1333 2911 ⁶.
1353 2869 1410 2912 et
1431 2875 1552 2912 xiv.

488 2938 575 2985 03.
643 2935 873 3000 Capitol.
918 2935 1115 2987 Anton.
1163 2937 1299 2987 Pbil.
1342 2954 1460 3002 cap.
1498 2943 1549 2990 8.

486 3011 721 3062 ‘Tamen
758 3013 824 3061 ad
860 3014 1067 3063 domum
1102 3012 1552 3078 Apollonii'veui·

489 3087 612 3137 ret?
677 3088 926 3140 Ceterum
947 3089 1083 3140 suum
1105 3091 1356 3141 omittunt
1376 3091 1553 3142 Haun.

489 3173 546 3215 et
569 3172 791 3232 uterque
813 3164 961 3219 Leid.
1024 3165 1172 3217 Infra
1205 3174 1380 3218 tamen
1405 3182 1450 3218 c·
1467 3173 1553 3218 60.

486 3239 578 3290 fin.
601 3245 618 3271 ⁸
639 3241 704 3291 In
728 3243 936 3292 domum
962 3258 1106 3293 suam
1128 3244 1257 3294 nibil
1278 3246 1500 3295 contulit
1516 3245 1555 3294 τ’

487 3324 546 3366 et
571 3316 716 3367 Cort.
755 3319 823 3368 ad
862 3318 1082 3370 Sallust.
1123 3319 1249 3383 Jug.
1282 3335 1330 3370 c.
1350 3323 1432 3370 ⁷6.
1454 3321 1553 3384 §Q

485 3384 663 3443 Amtz'.

549 3472 635 3535 §9
669 3470 852 3534 Anien]
882 3470 1005 3521 Sive
1041 3471 1170 3520 Anio
1187 3484 1210 3529 ,⁰
1239 3468 1428 3520 fluvius
1466 3477 1553 3521 eat

483 3561 637 3611 quem
683 3544 838 3611 vulgo
881 3548 897 3576 ⁶
923 3548 1234 3597 Fiveronum
1262 3547 1278 3571 ’
1328 3547 1550 3599 dicunt:

482 3625 651 3674 oritur
680 3634 855 3675 antem
880 3639 947 3674 ex
976 3624 1330 3674 Trebanorum
1361 3627 1549 3676 monti-

480 3700 599 3750 bus.
645 3700 873 3764 Insignis
897 3709 979 3748 est
1006 3699 1226 3750 victoria
1246 3700 1387 3751 Tul-li
1410 3700 1549 3751 Hos·

481 3776 587 3824 tilii
621 3775 777 3839 regis.
825 3775 988 3825 Maelo.
1059 3774 1141 3826 De
1184 3774 1390 3826 Anione
1435 3778 1546 3828 Pli-

480 3853 596 3902 nius
624 3853 871 3901 videndus
897 3864 983 3902 tn.
1007 3857 1090 3904 21.
1124 3859 1140 3882 ‘
1166 3852 1300 3903 Anio
1323 3854 1376 3903 in
1400 3861 1558 3906 mon-'

479 3935 537 3977 te
565 3928 921 3977 Trebanorum
940 3927 976 3978 τ’
1011 3930 1098 3979 nbi
1127 3929 1402 3993 legendnm
1431 3932 1546 3983 Tre·

480 4004 759 4053 balanorum
787 4005 1023 4070 antiquis
1050 4007 1198 4058 libris
1229 4009 1548 4061 auctoribus.

482 4079 674 4130 Schott.

546 4156 774 4207 Manibus
795 4158 1022 4225 hostium]
1057 4161 1272 4225 Insigne
1294 4163 1378 4214 bic
1401 4171 1550 4215 mend

479 4230 621 4289 dum,
666 4241 1057 4301 monstrumque
1107 4238 1421 4289 horrendum
1465 4241 1545 4290 iu-

477 4323 606 4375 gens
629 4325 660 4361 a
683 4311 833 4363 nobis
856 4312 1172 4366 confectum.
1238 4315 1465 4380 Vulgata
1488 4332 1543 4369 e·

1203 423 1426 476 No‘rlss
1477 422 1881 476 vatuomnt
1926 426 2011 475 nt

1643 569 1750 619 nim
1771 568 1932 620 lectio
1962 567 2164 620 recedit
2186 583 2217 619 a
2237 568 2384 621 libris
2407 569 2710 624 Msaseee-

1643 646 1724 697 dit
1744 647 1813 697 ab
1845 647 2077 698 historia.
2141 648 2503 713 conjecturam
2538 664 2708 703 meam

1641 735 1949 788 proponam,
1970 722 2163 775 deinde
2185 722 2524 775 confirmabo.
2580 728 2709 777 Cre·

1642 799 1837 850 debant
1881 800 2091 866 qnidam
2144 801 2423 864 majestate
2468 803 2708 854 Romana

1639 873 1873 936 dignum,
1891 878 1933 924 si
1956 875 2176 927 bostium
2216 890 2380 940 opera
2406 892 2592 942 aquam
2612 880 2707 929 de·

1639 949 1848 1002 ductam
1871 951 2129 1009 dicerent,
2154 954 2446 1016 presertim
2464 969 2581 1005 cum
2590 956 2706 1019 jam

1640 1034 1747 1079 tam
1769 1029 1961 1079 multos
1971 1044 2009 1079 -a
2033 1030 2191 1080 Curio
2213 1040 2398 1095 captos
2420 1032 2706 1095 legissent:

1637 1091 1979 1155 meminerant
2000 1105 2065 1155 ad
2088 1105 2204 1156 bac
2225 1106 2277 1155 iu
2299 1107 2542 1169 Superbo
2563 1109 2709 1159 cloa-

1638 1194 1750 1230 cam
1773 1183 2047 1231 maximam
2072 1183 2250 1246 populi
2268 1183 2463 1234 viribus
2485 1182 2708 1249 factam,

1639 1256 1778 1305 nude
1830 1255 1987 1308 fossa
2041 1258 2321 1309 Quiritium
2376 1258 2537 1309 dicte
2579 1260 2708 1311 sint.

1639 1331 1767 1381 Cum
1790 1345 1919 1395 ergo
1937 1335 2000 1383 de
2023 1332 2259 1382 manubiis
2277 1334 2625 1398 reperissent,
2648 1350 2704 1386 e·

1637 1407 1947 1458 mendaruut
1968 1409 2119 1459 bardi
2147 1410 2380 1460 homines
2406 1412 2582 1462 deinde
2599 1427 2704 1463 nu·

1635 1482 1791 1531 ssibus.
1873 1483 1986 1534 Nos
2041 1485 2319 1535 lectionem
2375 1489 2704 1546 univimus.

1637 1573 1789 1623 quam
1810 1560 1971 1610 miror
1986 1573 2022 1609 a
2041 1564 2555 1628 commentatoribus,
2575 1565 2703 1615 doc·

1636 1636 1705 1684 tis
1731 1634 1941 1700 quidem
1962 1644 2021 1686 et
2049 1638 2298 1699 copiosis,
2324 1652 2427 1688 non
2454 1638 2703 1689 observa-

1637 1719 1765 1761 tam.
1830 1712 1972 1762 Eunt
1993 1726 2134 1763 nunc
2155 1714 2244 1777 qni
2277 1716 2610 1779 antiquorum
2642 1718 2703 1766 li-

1636 1786 1848 1837 brorum
1870 1801 2023 1851 opem
2043 1796 2413 1853 contemnunt,
2433 1791 2702 1856 vulgatos·

1634 1877 1738 1928 que
1776 1878 1880 1914 non
1924 1865 2273 1914 immutandos
2318 1866 2544 1919 barbare
2580 1870 2700 1932 jac·

1634 1947 1768 1989 tant.
1829 1939 1936 1991 ssd
1958 1941 2162 2006 longius
2185 1942 2464 2006 provehor.
2516 1946 2703 1996 Front.

1634 2015 1769 2066 libro
1785 2017 1851 2066 de
1868 2016 2182 2081 Aquoeduet.
2201 2021 2218 2047 ⁴
2237 2020 2402 2068 Vetus
2419 2020 2556 2071 Anio
2578 2031 2702 2085 post

1635 2107 1797 2143 annos
1824 2096 1909 2143 40.
1933 2107 2088 2159 qnam
2117 2092 2295 2158 Appia
2316 2096 2572 2159 perducta
2591 2106 2700 2159 est,

1636 2182 1771 2218 anno
1787 2168 1853 2218 ab
1868 2169 1938 2219 tJ.
1951 2170 2014 2220 C.
2031 2182 2364 2220 ccccmxxxr.
2400 2170 2494 2219 Μ’.
2506 2172 2701 2222 Curius

1636 2243 1918 2307 Dentatus,
1947 2245 2036 2309 qui
2067 2258 2336 2294 censuram
2356 2260 2476 2296 cum
2505 2248 2573 2298 1..
2592 2249 2700 2299 Pa·

1634 2321 1773 2384 pirio
1810 2322 1935 2372 Cos.
1957 2323 2140 2384 gessit,
2171 2321 2339 2385 (anno
2369 2335 2609 2375 cantv.
2639 2332 2703 2375 ut

1632 2396 1814 2458 Sigon.
1841 2396 2134 2463 conjectat)
2167 2397 2404 2461 Anionis,
2427 2401 2517 2464 qui
2556 2415 2698 2451 nanc

1632 2471 1827 2522 dicitur
1863 2473 2050 2538 Vetus,
2087 2489 2271 2539 aquam
2303 2476 2696 2538 perducendam

1630 2548 1686 2598 in
1705 2550 1887 2599 urbem
1905 2564 1973 2599 ex
1995 2551 2249 2600 manubiis
2265 2550 2331 2600 de
2348 2551 2556 2613 Pyrrho
2572 2568 2699 2617 eap-

1630 2625 1699 2675 tis
1731 2627 1957 2686 curavit,
1980 2626 2074 2690 Sp.
2108 2627 2357 2691 Carvilio,
2390 2627 2456 2677 L.
2479 2628 2702 2694 Papirio

1631 2701 1796 2753 Coss:
1863 2703 1975 2753 Hos
2015 2712 2191 2755 autem
2223 2706 2465 2755 consules
2502 2708 2698 2758 iterum

1629 2776 1793 2829 fuisse
1830 2794 1966 2831 anno
1997 2793 2233 2831 cnxxcr.
2264 2796 2330 2830 ex
2362 2782 2497 2832 Livii
2531 2796 2697 2836 xxiv.

1628 2854 1762 2904 libro
1801 2864 1858 2905 et
1888 2856 2204 2920 Capitolinis
2239 2857 2457 2908 Tabulis
2484 2859 2699 2911 discere

1628 2930 1774 2980 licet.
1836 2932 2070 2983 Similem
2103 2934 2274 2983 locum
2296 2948 2464 2997 nuper
2486 2935 2542 2985 in
2564 2937 2693 2986 Cor-

1626 3007 1769 3057 nelio
1806 3008 2020 3071 Nepote
2060 3017 2362 3072 corruptum
2401 3009 2507 3059 vidi
2540 3011 2595 3062 in
2624 3013 2690 3062 iis

1627 3082 1837 3147 quidem
1869 3084 2035 3146 libris,
2069 3083 2256 3148 quibus
2298 3100 2417 3134 usos
2456 3100 2604 3140 sumt
2647 3090 2693 3138 is

1628 3166 1712 3209 est
1746 3162 1799 3209 in
1832 3160 2061 3211 Cimonis
2096 3161 2239 3211 vita:
2272 3169 2287 3191 ⁸
2315 3162 2413 3212 His
2435 3178 2511 3213 ,ex
2545 3167 2693 3216 navi·

1625 3236 1723 3287 bus
1742 3237 1778 3287 ι’
1810 3240 1929 3302 lege
1951 3237 2055 3289 His
2087 3254 2115 3289 e
2146 3238 2381 3289 manubiis
2399 3239 2695 3291 Plutarcho

1627 3322 1859 3364 auctore.
1925 3315 2167 3379 Itemque
2202 3315 2257 3365 in
2299 3315 2477 3364 Sidon.
2512 3315 2691 3380 Apoll.

1624 3391 1701 3442 sic
1726 3393 1849 3443 olim
1867 3394 2110 3444 maubiis
2136 3408 2233 3458 pro
2253 3394 2470 3444 munibus
2505 3394 2575 3445 de
2603 3410 2687 3445 ve·

1624 3468 1826 3519 teribus
1848 3471 2159 3521 membranis
2178 3472 2385 3535 reposui
2407 3471 2538 3521 libro
2567 3485 2688 3535 sep-

1623 3543 1753 3593 timo
1773 3543 1931 3608 epist.
1947 3558 2055 3596 vu.
2076 3545 2244 3596 initio.
2262 3545 2453 3596 Sason.
2485 3545 2687 3595 Eadem

1622 3621 1734 3672 fere
1774 3621 2005 3684 reperies
2043 3620 2182 3685 apud
2213 3620 2485 3670 Keucben.
2516 3635 2687 3685 neque

1619 3700 1718 3749 lioc
1738 3698 1815 3748 illi
1835 3696 2031 3748 homini
2048 3712 2257 3760 novum,
2276 3697 2343 3747 ad
2359 3698 2595 3747 Frontin.
2617 3697 2692 3748 de

1619 3774 1845 3840 Aquaed.
1870 3780 2065 3839 μηδ.
2092 3776 2192 3824 nisi
2220 3773 2358 3838 quod
2391 3773 2480 3823 ille
2513 3789 2690 3837 aqueus

1618 3851 1788 3902 deinde
1827 3851 2065 3902 Anienem
2116 3850 2372 3900 manubiis.
2433 3850 2688 3901 Ceterum

1619 3929 1842 3980 eandem
1865 3928 1963 3979 sibi
1985 3928 2054 3977 de
2071 3926 2433 3978 emendatione
2456 3927 2509 3976 N
2512 3928 2693 3991 epotis

1618 4005 1855 4056 vindicat
1891 4004 2125 4068 gloriam.
2190 4002 2330 4052 Vide
2357 4001 2511 4066 Pigh.
2545 4001 2686 4053 Anu.

1619 4092 1748 4134 tom.
1770 4096 1836 4132 11.
1872 4078 1930 4145 ρ’.
1950 4086 2032 4131 20.
2097 4082 2168 4130 Et
2198 4080 2271 4129 ita
2293 4079 2391 4129 boc
2426 4081 2548 4129 loco
2568 4088 2686 4131 tex·

1621 4169 1732 4209 tum
1755 4157 2033 4209 inmutavit
2053 4156 2297 4221 Sylburg.
2333 4155 2562 4205 Solenne
2583 4155 2688 4205 boc

1619 4243 1756 4292 erat,
1789 4242 1849 4284 ut
1870 4234 2080 4299 publica
2103 4245 2263 4297 opera
2286 4241 2598 4283 extruerent
2613 4249 2684 4288 ea

1618 4313 1863 4379 pecunia,
1885 4326 2037 4378 quam
2061 4325 2126 4362 ex
2149 4311 2388 4364 hostibus
2405 4320 2680 4378 ceperant,
