3025 4934
539 401 674 468 858
1132 453 1144 466 .
1236 417 1554 466 no'rrrm
1609 415 2037 465 nii-aluam

544 560 690 620 Fuit
735 561 939 630 etiam,
966 558 1070 639 qui
1113 557 1383 619 Asconio
1413 557 1695 618 Pediano
1723 559 2060 630 ascriberet,
2082 557 2345 620 Joanues
2372 560 2657 622 Metellus
2686 563 2734 622 iu

544 659 729 719 literis
774 656 851 717 ad
880 655 1088 736 Steph.
1116 654 1426 732 Pighium.
1511 653 1634 714 Sed
1660 653 1939 715 Andreas
1960 655 2241 716 Schottus
2266 666 2329 717 et
2350 659 2431 718 cl.
2463 658 2735 720 Hankius

545 755 651 816 lib.
683 771 731 814 1.
756 753 833 813 de
855 752 1040 813 Rom.
1064 750 1296 811 Rerum
1316 750 1718 831 Scriptoribus
1731 772 1789 831 p.
1815 759 1954 813 151.
1981 772 2104 831 seq.
2132 772 2268 812 eum
2293 753 2483 814 Sexto
2502 755 2741 816 Aurelio

544 852 786 912 Victori
803 850 1107 911 vindicant
1127 850 1480 909 auctoritate
1500 849 1719 909 veteris
1732 849 1980 918 codicis,
2001 850 2059 908 in
2078 871 2198 930 quo
2213 851 2456 912 libellus
2475 855 2588 913 iste
2608 854 2747 914 dici·

544 956 642 1008 tur
684 968 821 1029 pars
844 947 999 1028 prior
1027 956 1045 982 ‘
1068 946 1325 1007 historiae
1350 945 1713 1006 abbreviatae
1741 944 2053 1016 Victoris,'
2089 948 2176 1007 ita
2199 956 2268 1007 ut
2307 948 2499 1009 altera
2522 971 2660 1028 pars
2684 951 2751 1010 sit

546 1046 697 1106 liber
734 1045 811 1105 de
838 1043 1193 1106 caesaribus.
1277 1041 1403 1102 Sed
1436 1043 1612 1102 unius
1650 1042 1819 1102 istius
1855 1042 2081 1104 codicis
2122 1047 2450 1108 auctoritas
2491 1047 2748 1128 profecto

548 1162 667 1202 rem
695 1162 812 1202 non
839 1139 1105 1211 conficit,
1134 1160 1242 1201 uec
1270 1142 1395 1221 ipse
1419 1141 1630 1200 titulus
1669 1140 1775 1201 ille
1811 1142 1954 1201 satis
1979 1141 2221 1202 evidens
2266 1153 2391 1204 est:
2424 1145 2584 1205 unde
2629 1155 2753 1227 post

552 1240 895 1312 Barthium,
931 1237 1007 1299 de
1035 1247 1274 1298 auctore
1311 1237 1563 1299 Victore
1589 1237 1830 1298 dubitat
1865 1237 2257 1312 Arntzenius,
2296 1261 2438 1300 sane
2482 1262 2603 1302 non
2635 1244 2751 1303 sine

426 1351 435 1360 ·
548 1338 761 1398 idonea
795 1356 997 1397 causa.

634 1434 813 1494 Liber
852 1433 928 1494 de
971 1432 1308 1493 Caesaribus
1349 1433 1428 1492 ab
1472 1431 1630 1513 Imp.
1663 1436 1940 1514 Augusto
1982 1457 2166 1516 usque
2217 1436 2296 1497 ad
2340 1438 2753 1499 Constantium

553 1531 928 1592 Constantini
957 1530 1052 1589 M.
1070 1528 1282 1599 filium,
1299 1531 1472 1608 cujus
1487 1528 1813 1591 editionem
1831 1532 2079 1611 primam
2105 1533 2390 1593 debemus
2404 1535 2605 1594 eidem
2627 1536 2749 1595 An-

550 1630 709 1688 dreae
728 1628 1001 1698 Schotto,
1021 1628 1210 1688 Antv.
1243 1633 1424 1690 1579.
1455 1634 1516 1685 8.
1540 1625 1699 1685 unde
1719 1635 1783 1686 et
1798 1628 1924 1708 ipse
1945 1627 2165 1688 -Victor
2186 1629 2419 1689 Schotti
2434 1631 2558 1690 dici
2584 1630 2750 1702 solet,

552 1735 620 1786 ut
643 1747 681 1786 a
704 1746 829 1805 seq.
857 1725 1271 1802 distinguatur.
1356 1721 1547 1783 Hunc
1576 1721 1847 1784 Victoris
1886 1724 2157 1785 libellum
2184 1726 2336 1786 mitti
2363 1728 2479 1786 sibi
2515 1729 2668 1807 petit
2693 1727 2752 1787 S.

556 1822 964 1904 Hieronymus
990 1821 1183 1902 Epist.
1206 1837 1360 1880 xx1.
1384 1819 1462 1879 ad
1489 1818 1759 1880 Paulum
1782 1820 2281 1883 concordiensem
2311 1833 2329 1858 ‘
2351 1834 2594 1904 propter
2614 1824 2752 1883 noti·

543 1921 698 1979 tiam
720 1920 1197 2000 persecutorum,'
1224 1928 1292 1978 ut
1318 1917 1552 1980 videtur
1578 1915 1957 1979 Theoderico
1978 1918 2278 1980 Ruinarto
2303 1920 2466 2000 praef.
2489 1921 2569 1980 ad
2598 1921 2755 1980 Acta

558 2017 892 2097 Martyrum
912 2038 975 2097 p.
999 2033 1156 2075 vul.
1244 2014 1366 2075 Sed
1402 2015 1529 2076 vid.
1559 2014 1710 2077 Intt.
1735 2016 1812 2075 ad
1840 2018 1902 2076 h.
1923 2017 1965 2075 l.
2010 2015 2108 2076 De
2150 2016 2258 2077 illo
2300 2018 2466 2077 vatia
2506 2020 2755 2079 virorum

553 2114 856 2174 doctorum
890 2113 1128 2191 judicia
1168 2112 1293 2172 vid.
1342 2113 1388 2172 si
1435 2112 1638 2193 placet
1689 2114 1749 2172 iu
1794 2112 2042 2172 Thomae
2084 2113 2286 2176 Orenii
2328 2123 2497 2194 parte
2547 2132 2754 2176 xvln.

556 2210 920 2272 Animadvv.
950 2209 1843 2288 Philologico-Historicarum.

1229 2522 1412 2583 Alter
1434 2521 1534 2582 De
1568 2521 1905 2582 Caesaribus
1931 2520 2097 2581 liber.

644 2724 835 2783 Extat
853 2731 1137 2803 praeterea
1163 2720 1316 2780 alius
1341 2720 1516 2789 liber,
1545 2719 1646 2799 qui
1669 2719 2028 2790 inscribitur,
2056 2726 2075 2754 ‘
2100 2717 2200 2778 De
2228 2718 2382 2779 Vita
2408 2729 2473 2778 et
2493 2719 2759 2780 Moribus

564 2820 997 2901 Imperatorum
1024 2818 1436 2879 Romanorum
1463 2816 1787 2896 Epitomae‚
1831 2836 1907 2875 ex
1948 2815 2117 2875 libris
2143 2815 2330 2875 Sexti
2347 2813 2587 2876 Aurelii
2617 2817 2762 2876 Vic-

560 2918 725 2988 toriS‚
752 2937 789 2977 a
819 2916 1056 2976 Caesare
1076 2915 1353 2993 Augusto
1381 2933 1567 2994 usque
1593 2912 1669 2972 ad
1700 2913 2010 2972 excessum
2031 2912 2353 2972 Theodosii
2375 2911 2560 2993 Imp.'
2591 2940 2602 2949 ·
2648 2912 2762 2972 Sed

552 3016 656 3073 ⁴hic
667 3016 965 3093 juniorem
989 3023 1286 3073 auctorem
1316 3011 1498 3071 habet
1523 3018 1584 3069 et
1618 3008 1914 3070 diversum
1944 3029 1981 3069 a
2007 3010 2317 3091 superioris
2340 3010 2479 3094 libri
2516 3009 2593 3071 de
2633 3010 2762 3073 (ἓω-

510 3129 513 3136 ·
551 3114 808 3182 'saribuS,
836 3131 1021 3192 quem·
1058 3108 1341 3170 Schottus
1371 3106 1579 3177 edidit,
1609 3116 1870 3177 auctore,
1919 3127 1957 3166 a
2001 3128 2122 3187 quo
2156 3106 2454 3167 interdum
2475 3108 2763 3170 dissentit.

565 3208 874 3277 Profecto,
927 3228 1063 3267 cum
1117 3208 1175 3264 in
1230 3205 1501 3264 omnibus
1549 3203 1698 3264 Mss.
1749 3203 2057 3284 Excerpta
2108 3204 2382 3264 dicantur
2426 3226 2460 3265 e
2516 3205 2764 3267 Victore

563 3307 658 3367 vel
684 3305 1019 3374 Victorin0‚
1046 3303 1107 3362 hi
1138 3323 1251 3361 non
1282 3310 1527 3383 possunt
1560 3321 1685 3359 esse
1714 3303 1843 3379 ejus
1869 3300 2061 3360 libelli
2089 3311 2376 3362 auctoreS.
2461 3302 2592 3362 Sub
2621 3303 2765 3364 Vic-

554 3404 706 3468 toris
733 3403 965 3462 nomine
992 3407 1345 3458 memoratur
1377 3418 1414 3457 a
1456 3396 1661 3457 Paulo
1708 3395 1983 3456 Diacono
2010 3397 2086 3457 de
2137 3396 2343 3457 Gestis
2388 3396 2763 3477 Langobard.

567 3516 644 3558 11.
681 3506 776 3559 18.
805 3499 912 3558 etsi
951 3500 1009 3558 in
1053 3495 1408 3577 quibusdam
1447 3493 1586 3555 edd.
1635 3515 1847 3554 nomen
1874 3493 2174 3555 Victorini
2202 3495 2435 3574 legitur.
2522 3495 2769 3557 Vossius

566 3607 764 3656 autem
785 3617 843 3677 p.
872 3602 1012 3655 221.
1040 3595 1114 3654 de
1158 3592 1325 3652 Hist.
1356 3591 1490 3651 Lat.
1514 3610 1651 3650 eum
1678 3611 1804 3651 esse
1831 3592 2180 3671 suspicatur,
2209 3593 2311 3671 qui
2339 3594 2399 3651 iu
2439 3602 2639 3654 vetere
2667 3594 2768 3653 In-

564 3695 878 3774 scriptione
908 3692 1065 3772 apud
1094 3689 1438 3759 Gruterum,
1475 3688 1794 3749 Theodosii
1843 3688 2008 3767 Aug.
2054 3689 2418 3767 temporibus
2461 3690 2771 3770 praefectus

570 3793 697 3850 urbi
732 3800 792 3849 et
829 3780 1022 3868 judex
1061 3806 1357 3847 sacrarum
1404 3786 1806 3864 cognitionum
1853 3785 2095 3845 dicitur.
2181 3784 2324 3845 Fuit
2372 3798 2434 3846 et
2494 3787 2771 3848 Aurelius

569 3889 782 3949 Victor
817 3893 1205 3964 cognomento
1235 3883 1500 3954 PrimuS,
1527 3893 1801 3962 utroque,
1826 3883 1998 3960 cujus
2013 3883 2144 3960 jam
2192 3883 2589 3955 meminimuS,
2620 3886 2769 3946 anti-

569 3987 760 4065 quior,
788 3985 959 4061 cujus
983 3982 1168 4043 verba
1187 3981 1396 4041 laudat
1421 3981 1620 4040 Julius
1640 3979 2017 4060 Capitolinus
2042 3980 2102 4037 in
2129 3978 2340 4059 Opilio
2368 3980 2669 4044 Macrino,

654 4081 966 4140 Marianus
990 4079 1336 4138 Victorinus
1369 4076 1444 4136 ad
1491 4077 1686 4156 Epist.
1732 4092 1886 4134 XXI.
1928 4074 1994 4133 S.
2026 4074 2385 4155 Hieronymi
2425 4079 2682 4158 scripsit,
2710 4078 2768 4136 in

574 4176 738 4245 Bibl.
781 4175 1086 4236 Vaticana
1111 4184 1313 4235 extare
1348 4173 1470 4233 Ms.
1505 4183 1522 4208 ‘
1546 4172 1785 4232 Aurelii
1816 4171 2084 4232 Victoris
2112 4170 2452 4233 Historiam
2478 4174 2767 4235 Persecu-

570 4274 794 4332 tionum
833 4271 1119 4333 Ecclesiae
1154 4291 1341 4351 usque
1388 4269 1466 4331 ad
1495 4269 1947 4332 Domitianum!
2032 4269 2156 4329 Sed
2180 4270 2308 4353 ejus
2359 4270 2541 4340 fidem
2570 4273 2766 4332 merito
