<?xml version="1.0" encoding="UTF-8"?>
<!DOCTYPE html PUBLIC "-//W3C//DTD XHTML 1.0 Transitional//EN"
    "http://www.w3.org/TR/xhtml1/DTD/xhtml1-transitional.dtd">
<html xmlns="http://www.w3.org/1999/xhtml" xml:lang="en" lang="en">
 <head>
  <title>
</title>
<meta http-equiv="Content-Type" content="text/html;charset=utf-8" />
  <meta name='ocr-system' content='tesseract 3.04.00' />
  <meta name='ocr-capabilities' content='ocr_page ocr_carea ocr_par ocr_line ocrx_word'/>
</head>
<body>
  <div class='ocr_page' id='page_1' title='image "./sextiaureliivic00valpgoog_0364.png"; bbox 0 0 3025 4934; ppageno 0'>
   <div class='ocr_carea' id='block_1_1' title="bbox 569 385 700 452">
    <p class='ocr_par' dir='ltr' id='par_1_1' title="bbox 569 385 700 452">
     <span class='ocr_line' id='line_1_1' title="bbox 569 385 700 452; baseline -0.015 0"><span class='ocrx_word' id='word_1_1' title='bbox 569 385 700 452; x_wconf 82' lang='lat'><strong>804</strong></span> 
     </span>
    </p>
   </div>
   <div class='ocr_carea' id='block_1_2' title="bbox 555 544 1637 2731">
    <p class='ocr_par' dir='ltr' id='par_1_2' title="bbox 566 544 1637 837">
     <span class='ocr_line' id='line_1_2' title="bbox 568 544 1637 609; baseline -0.002 -14"><span class='ocrx_word' id='word_1_2' title='bbox 568 552 650 595; x_wconf 67' lang='lat'><strong>6².</strong></span> <span class='ocrx_word' id='word_1_3' title='bbox 674 548 700 609; x_wconf 60' lang='grc' dir='ltr'><strong>ς</strong></span> <span class='ocrx_word' id='word_1_4' title='bbox 724 549 772 594; x_wconf 73' lang='grc'><strong>8.</strong></span> <span class='ocrx_word' id='word_1_5' title='bbox 808 550 863 594; x_wconf 91' lang='lat' dir='ltr'><strong>et</strong></span> <span class='ocrx_word' id='word_1_6' title='bbox 894 544 1143 594; x_wconf 82' lang='lat' dir='ltr'><strong>Schottus</strong></span> <span class='ocrx_word' id='word_1_7' title='bbox 1177 544 1242 593; x_wconf 82' lang='lat' dir='ltr'><strong>ad</strong></span> <span class='ocrx_word' id='word_1_8' title='bbox 1276 558 1394 608; x_wconf 81' lang='lat' dir='ltr'><strong>cap.</strong></span> <span class='ocrx_word' id='word_1_9' title='bbox 1415 547 1501 593; x_wconf 77' lang='lat'><strong>66.</strong></span> <span class='ocrx_word' id='word_1_10' title='bbox 1530 545 1561 607; x_wconf 58' lang='grc' dir='ltr'><strong>ς</strong></span> <span class='ocrx_word' id='word_1_11' title='bbox 1583 548 1637 593; x_wconf 75' lang='lat'><strong>2.</strong></span> 
     </span>
     <span class='ocr_line' id='line_1_3' title="bbox 566 622 1636 686; baseline 0.001 -16"><span class='ocrx_word' id='word_1_12' title='bbox 566 622 703 673; x_wconf 80' lang='lat' dir='ltr'><strong>vell.</strong></span> <span class='ocrx_word' id='word_1_13' title='bbox 729 622 1042 672; x_wconf 80' lang='lat' dir='ltr'><strong>Paterculus</strong></span> <span class='ocrx_word' id='word_1_14' title='bbox 1065 634 1127 671; x_wconf 86' lang='lat'><strong>11.</strong></span> <span class='ocrx_word' id='word_1_15' title='bbox 1151 625 1201 671; x_wconf 75' lang='grc'><strong>4.</strong></span> <span class='ocrx_word' id='word_1_16' title='bbox 1234 624 1263 686; x_wconf 80' lang='lat'>§</span> <span class='ocrx_word' id='word_1_17' title='bbox 1284 626 1333 672; x_wconf 79' lang='grc'><strong>4.</strong></span> <span class='ocrx_word' id='word_1_18' title='bbox 1365 626 1383 651; x_wconf 78' lang='lat'>⁸</span> <span class='ocrx_word' id='word_1_19' title='bbox 1400 622 1636 671; x_wconf 84' lang='lat' dir='ltr'><strong>Interro-</strong></span> 
     </span>
     <span class='ocr_line' id='line_1_4' title="bbox 568 697 1634 761; baseline 0 -15"><span class='ocrx_word' id='word_1_20' title='bbox 568 703 728 760; x_wconf 71' lang='lat' dir='ltr'><strong>gante</strong></span> <span class='ocrx_word' id='word_1_21' title='bbox 762 697 972 746; x_wconf 90' lang='lat' dir='ltr'><strong>tribuno</strong></span> <span class='ocrx_word' id='word_1_22' title='bbox 996 697 1254 754; x_wconf 84' lang='lat' dir='ltr'><strong>Carbone,</strong></span> <span class='ocrx_word' id='word_1_23' title='bbox 1277 697 1401 761; x_wconf 87' lang='lat' dir='ltr'><strong>qnid</strong></span> <span class='ocrx_word' id='word_1_24' title='bbox 1423 697 1491 746; x_wconf 87' lang='lat' dir='ltr'><strong>de</strong></span> <span class='ocrx_word' id='word_1_25' title='bbox 1511 697 1634 746; x_wconf 79' lang='lat' dir='ltr'><strong>Tib.</strong></span> 
     </span>
     <span class='ocr_line' id='line_1_5' title="bbox 566 771 1637 837; baseline 0.001 -15"><span class='ocrx_word' id='word_1_26' title='bbox 566 771 797 822; x_wconf 83' lang='lat' dir='ltr'><strong>Gracchi</strong></span> <span class='ocrx_word' id='word_1_27' title='bbox 839 772 986 822; x_wconf 73' lang='lat' dir='ltr'><strong>caede</strong></span> <span class='ocrx_word' id='word_1_28' title='bbox 1026 772 1268 835; x_wconf 89' lang='lat' dir='ltr'><strong>sentiret,</strong></span> <span class='ocrx_word' id='word_1_29' title='bbox 1311 772 1637 837; x_wconf 83' lang='lat' dir='ltr'><strong>respondit.&#39;</strong></span> 
     </span>
    </p>

    <p class='ocr_par' dir='ltr' id='par_1_3' title="bbox 563 924 1637 1517">
     <span class='ocr_line' id='line_1_6' title="bbox 633 924 1635 990; baseline 0.003 -17"><span class='ocrx_word' id='word_1_30' title='bbox 633 924 913 987; x_wconf 66' lang='lat' dir='ltr'><strong>Nobiscum,</strong></span> <span class='ocrx_word' id='word_1_31' title='bbox 933 924 1090 989; x_wconf 67' lang='lat' dir='ltr'><strong>inquit</strong></span> <span class='ocrx_word' id='word_1_32' title='bbox 1112 924 1382 988; x_wconf 67' lang='lat' dir='ltr'><strong>Mauricus,</strong></span> <span class='ocrx_word' id='word_1_33' title='bbox 1403 925 1635 990; x_wconf 72' lang='lat' dir='ltr'><strong>maret]</strong></span> 
     </span>
     <span class='ocr_line' id='line_1_7' title="bbox 567 999 1637 1065; baseline 0.001 -14"><span class='ocrx_word' id='word_1_34' title='bbox 567 999 856 1065; x_wconf 72' lang='lat' dir='ltr'>Respondit</span> <span class='ocrx_word' id='word_1_35' title='bbox 872 1002 1141 1052; x_wconf 85' lang='lat' dir='ltr'><strong>Mauricus</strong></span> <span class='ocrx_word' id='word_1_36' title='bbox 1163 1003 1373 1065; x_wconf 71' lang='lat' dir='ltr'><strong>Nervae,</strong></span> <span class='ocrx_word' id='word_1_37' title='bbox 1390 1003 1637 1052; x_wconf 79' lang='lat' dir='ltr'><strong>Coensret</strong></span> 
     </span>
     <span class='ocr_line' id='line_1_8' title="bbox 563 1077 1637 1141; baseline 0.002 -15"><span class='ocrx_word' id='word_1_38' title='bbox 563 1077 652 1127; x_wconf 83' lang='lat' dir='ltr'><strong>hic</strong></span> <span class='ocrx_word' id='word_1_39' title='bbox 674 1077 938 1129; x_wconf 85' lang='lat' dir='ltr'><strong>nobiscum</strong></span> <span class='ocrx_word' id='word_1_40' title='bbox 959 1079 1198 1129; x_wconf 81' lang='lat' dir='ltr'><strong>Catullus</strong></span> <span class='ocrx_word' id='word_1_41' title='bbox 1220 1079 1570 1141; x_wconf 83' lang='lat' dir='ltr'><strong>Messallinns,</strong></span> <span class='ocrx_word' id='word_1_42' title='bbox 1590 1078 1637 1128; x_wconf 82' lang='lat' dir='ltr'><strong>sl</strong></span> 
     </span>
     <span class='ocr_line' id='line_1_9' title="bbox 566 1145 1634 1219; baseline 0.004 -18"><span class='ocrx_word' id='word_1_43' title='bbox 566 1166 707 1202; x_wconf 86' lang='lat' dir='ltr'><strong>nnnc</strong></span> <span class='ocrx_word' id='word_1_44' title='bbox 748 1153 966 1204; x_wconf 79' lang='lat' dir='ltr'><strong>viveret·</strong></span> <span class='ocrx_word' id='word_1_45' title='bbox 1043 1155 1131 1205; x_wconf 83' lang='lat' dir='ltr'><strong>Sic</strong></span> <span class='ocrx_word' id='word_1_46' title='bbox 1188 1145 1314 1216; x_wconf 71' lang='lat' dir='ltr'><strong>ergo</strong></span> <span class='ocrx_word' id='word_1_47' title='bbox 1369 1155 1634 1219; x_wconf 70' lang='lat' dir='ltr'>distingne</span> 
     </span>
     <span class='ocr_line' id='line_1_10' title="bbox 568 1227 1637 1293; baseline 0.005 -16"><span class='ocrx_word' id='word_1_48' title='bbox 568 1227 708 1292; x_wconf 86' lang='lat' dir='ltr'><strong>apud</strong></span> <span class='ocrx_word' id='word_1_49' title='bbox 753 1228 982 1279; x_wconf 76' lang='lat' dir='ltr'><strong>Plinium</strong></span> <span class='ocrx_word' id='word_1_50' title='bbox 1025 1230 1078 1280; x_wconf 90' lang='lat' dir='ltr'><strong>in</strong></span> <span class='ocrx_word' id='word_1_51' title='bbox 1122 1230 1346 1293; x_wconf 79' lang='lat' dir='ltr'><strong>epistola</strong></span> <span class='ocrx_word' id='word_1_52' title='bbox 1387 1232 1637 1282; x_wconf 81' lang='lat' dir='ltr'><strong>vicesima</strong></span> 
     </span>
     <span class='ocr_line' id='line_1_11' title="bbox 564 1305 1634 1372; baseline 0.006 -19"><span class='ocrx_word' id='word_1_53' title='bbox 564 1305 796 1354; x_wconf 86' lang='lat' dir='ltr'><strong>secunda</strong></span> <span class='ocrx_word' id='word_1_54' title='bbox 829 1305 949 1355; x_wconf 87' lang='lat' dir='ltr'><strong>libri</strong></span> <span class='ocrx_word' id='word_1_55' title='bbox 991 1307 1200 1371; x_wconf 82' lang='lat' dir='ltr'><strong>quarti:</strong></span> <span class='ocrx_word' id='word_1_56' title='bbox 1251 1307 1434 1360; x_wconf 83' lang='lat' dir='ltr'><strong>‘Quid</strong></span> <span class='ocrx_word' id='word_1_57' title='bbox 1478 1315 1634 1372; x_wconf 87' lang='lat' dir='ltr'><strong>putss</strong></span> 
     </span>
     <span class='ocr_line' id='line_1_12' title="bbox 563 1380 1634 1444; baseline 0.006 -16"><span class='ocrx_word' id='word_1_58' title='bbox 563 1395 837 1443; x_wconf 84' lang='lat' dir='ltr'><strong>passurum</strong></span> <span class='ocrx_word' id='word_1_59' title='bbox 861 1380 1039 1444; x_wconf 80' lang='lat' dir='ltr'><strong>fuisse,</strong></span> <span class='ocrx_word' id='word_1_60' title='bbox 1062 1383 1105 1431; x_wconf 91' lang='lat' dir='ltr'><strong>si</strong></span> <span class='ocrx_word' id='word_1_61' title='bbox 1130 1382 1365 1432; x_wconf 80' lang='lat' dir='ltr'><strong>viveret?</strong></span> <span class='ocrx_word' id='word_1_62' title='bbox 1398 1392 1456 1433; x_wconf 88' lang='lat' dir='ltr'><strong>et</strong></span> <span class='ocrx_word' id='word_1_63' title='bbox 1477 1384 1634 1434; x_wconf 85' lang='lat' dir='ltr'><strong>Mau-</strong></span> 
     </span>
     <span class='ocr_line' id='line_1_13' title="bbox 565 1455 1531 1517; baseline 0.003 -13"><span class='ocrx_word' id='word_1_64' title='bbox 565 1456 722 1517; x_wconf 88' lang='lat' dir='ltr'><strong>ricus,</strong></span> <span class='ocrx_word' id='word_1_65' title='bbox 749 1455 1039 1507; x_wconf 83' lang='lat' dir='ltr'><strong>Nobiscum</strong></span> <span class='ocrx_word' id='word_1_66' title='bbox 1062 1457 1330 1508; x_wconf 71' lang='lat' dir='ltr'><strong>coenaret-⁹</strong></span> <span class='ocrx_word' id='word_1_67' title='bbox 1369 1458 1531 1509; x_wconf 72' lang='lat' dir='ltr'><strong>Vinet.</strong></span> 
     </span>
    </p>

    <p class='ocr_par' dir='ltr' id='par_1_4' title="bbox 555 1532 1633 2731">
     <span class='ocr_line' id='line_1_14' title="bbox 630 1532 1630 1602; baseline 0.005 -21"><span class='ocrx_word' id='word_1_68' title='bbox 630 1534 659 1595; x_wconf 61' lang='grc' dir='ltr'><strong>ξ</strong></span> <span class='ocrx_word' id='word_1_69' title='bbox 697 1536 730 1581; x_wconf 85' lang='grc'><strong>8</strong></span> <span class='ocrx_word' id='word_1_70' title='bbox 765 1532 865 1582; x_wconf 79' lang='lat' dir='ltr'><strong>Sed</strong></span> <span class='ocrx_word' id='word_1_71' title='bbox 906 1534 1087 1583; x_wconf 74' lang='lat' dir='ltr'><strong>milites</strong></span> <span class='ocrx_word' id='word_1_72' title='bbox 1124 1535 1340 1596; x_wconf 70' lang='lat' dir='ltr'><strong>neglecto</strong></span> <span class='ocrx_word' id='word_1_73' title='bbox 1373 1536 1630 1602; x_wconf 71' lang='lat' dir='ltr'><strong>Principe]</strong></span> 
     </span>
     <span class='ocr_line' id='line_1_15' title="bbox 562 1609 1632 1672; baseline 0.006 -15"><span class='ocrx_word' id='word_1_74' title='bbox 562 1609 648 1657; x_wconf 85' lang='lat' dir='ltr'><strong>Fit</strong></span> <span class='ocrx_word' id='word_1_75' title='bbox 671 1622 835 1672; x_wconf 68' lang='lat' dir='ltr'><strong>saepe,</strong></span> <span class='ocrx_word' id='word_1_76' title='bbox 856 1615 914 1659; x_wconf 88' lang='lat' dir='ltr'><strong>et</strong></span> <span class='ocrx_word' id='word_1_77' title='bbox 946 1624 1010 1659; x_wconf 90' lang='lat' dir='ltr'><strong>eo</strong></span> <span class='ocrx_word' id='word_1_78' title='bbox 1042 1610 1226 1662; x_wconf 86' lang='lat' dir='ltr'><strong>alludit</strong></span> <span class='ocrx_word' id='word_1_79' title='bbox 1261 1612 1388 1662; x_wconf 84' lang='lat' dir='ltr'><strong>illud</strong></span> <span class='ocrx_word' id='word_1_80' title='bbox 1414 1612 1632 1663; x_wconf 71' lang='lat' dir='ltr'><strong>Senecae</strong></span> 
     </span>
     <span class='ocr_line' id='line_1_16' title="bbox 563 1684 1633 1752; baseline 0.006 -19"><span class='ocrx_word' id='word_1_81' title='bbox 563 1684 630 1734; x_wconf 88' lang='lat' dir='ltr'><strong>de</strong></span> <span class='ocrx_word' id='word_1_82' title='bbox 655 1685 950 1735; x_wconf 81' lang='lat' dir='ltr'><strong>Clementia</strong></span> <span class='ocrx_word' id='word_1_83' title='bbox 972 1700 1013 1735; x_wconf 84' lang='lat'><strong>1.</strong></span> <span class='ocrx_word' id='word_1_84' title='bbox 1037 1690 1118 1735; x_wconf 82' lang='lat'><strong>1⁰.</strong></span> <span class='ocrx_word' id='word_1_85' title='bbox 1155 1694 1170 1717; x_wconf 82' lang='lat'><em>⁶</em></span> <span class='ocrx_word' id='word_1_86' title='bbox 1187 1686 1309 1738; x_wconf 83' lang='lat' dir='ltr'><strong>Hoc</strong></span> <span class='ocrx_word' id='word_1_87' title='bbox 1340 1696 1426 1737; x_wconf 88' lang='lat' dir='ltr'><strong>est</strong></span> <span class='ocrx_word' id='word_1_88' title='bbox 1457 1690 1633 1752; x_wconf 70' lang='lat' dir='ltr'><strong>ignos-</strong></span> 
     </span>
     <span class='ocr_line' id='line_1_17' title="bbox 562 1761 1631 1830; baseline 0.004 -19"><span class='ocrx_word' id='word_1_89' title='bbox 562 1774 705 1823; x_wconf 84' lang='lat' dir='ltr'><strong>cere,</strong></span> <span class='ocrx_word' id='word_1_90' title='bbox 743 1775 863 1810; x_wconf 89' lang='lat' dir='ltr'><strong>cnm</strong></span> <span class='ocrx_word' id='word_1_91' title='bbox 906 1762 1043 1812; x_wconf 88' lang='lat' dir='ltr'><strong>scias</strong></span> <span class='ocrx_word' id='word_1_92' title='bbox 1078 1764 1265 1813; x_wconf 88' lang='lat' dir='ltr'><strong>multos</strong></span> <span class='ocrx_word' id='word_1_93' title='bbox 1302 1761 1508 1815; x_wconf 79' lang='lat' dir='ltr'><strong>futuros</strong></span> <span class='ocrx_word' id='word_1_94' title='bbox 1542 1765 1631 1830; x_wconf 85' lang='lat' dir='ltr'><strong>qni</strong></span> 
     </span>
     <span class='ocr_line' id='line_1_18' title="bbox 560 1837 1630 1900; baseline 0.006 -14"><span class='ocrx_word' id='word_1_95' title='bbox 560 1851 660 1900; x_wconf 90' lang='lat' dir='ltr'><strong>pro</strong></span> <span class='ocrx_word' id='word_1_96' title='bbox 681 1843 734 1887; x_wconf 91' lang='lat' dir='ltr'><strong>te</strong></span> <span class='ocrx_word' id='word_1_97' title='bbox 755 1837 1065 1897; x_wconf 83' lang='lat' dir='ltr'><strong>irascantur,</strong></span> <span class='ocrx_word' id='word_1_98' title='bbox 1084 1846 1142 1889; x_wconf 91' lang='lat' dir='ltr'><strong>et</strong></span> <span class='ocrx_word' id='word_1_99' title='bbox 1173 1840 1272 1891; x_wconf 86' lang='lat' dir='ltr'><strong>tibi</strong></span> <span class='ocrx_word' id='word_1_100' title='bbox 1309 1842 1480 1892; x_wconf 84' lang='lat' dir='ltr'><strong>alieno</strong></span> <span class='ocrx_word' id='word_1_101' title='bbox 1511 1856 1630 1892; x_wconf 79' lang='lat' dir='ltr'><strong>san·</strong></span> 
     </span>
     <span class='ocr_line' id='line_1_19' title="bbox 561 1912 1632 1977; baseline 0.006 -16"><span class='ocrx_word' id='word_1_102' title='bbox 561 1913 719 1977; x_wconf 71' lang='lat' dir='ltr'><strong>guine</strong></span> <span class='ocrx_word' id='word_1_103' title='bbox 762 1912 1160 1977; x_wconf 72' lang='lat' dir='ltr'><strong>gratificentur-3</strong></span> <span class='ocrx_word' id='word_1_104' title='bbox 1197 1929 1303 1965; x_wconf 90' lang='lat' dir='ltr'><strong>non</strong></span> <span class='ocrx_word' id='word_1_105' title='bbox 1339 1915 1468 1966; x_wconf 82' lang='lat' dir='ltr'><strong>dare</strong></span> <span class='ocrx_word' id='word_1_106' title='bbox 1516 1925 1632 1966; x_wconf 89' lang='lat' dir='ltr'><strong>tan·</strong></span> 
     </span>
     <span class='ocr_line' id='line_1_20' title="bbox 561 1988 1630 2051; baseline 0.007 -15"><span class='ocrx_word' id='word_1_107' title='bbox 561 1995 672 2037; x_wconf 89' lang='lat' dir='ltr'><strong>tum</strong></span> <span class='ocrx_word' id='word_1_108' title='bbox 732 1988 973 2047; x_wconf 83' lang='lat' dir='ltr'><strong>salutem,</strong></span> <span class='ocrx_word' id='word_1_109' title='bbox 1018 1990 1110 2039; x_wconf 85' lang='lat' dir='ltr'><strong>sed</strong></span> <span class='ocrx_word' id='word_1_110' title='bbox 1169 1998 1438 2051; x_wconf 73' lang='lat' dir='ltr'><strong>praestare.</strong></span> <span class='ocrx_word' id='word_1_111' title='bbox 1456 1990 1474 2016; x_wconf 86' lang='lat'>&#39;</span> <span class='ocrx_word' id='word_1_112' title='bbox 1540 1993 1630 2043; x_wconf 91' lang='lat' dir='ltr'><strong>De</strong></span> 
     </span>
     <span class='ocr_line' id='line_1_21' title="bbox 557 2063 1629 2134; baseline 0.007 -21"><span class='ocrx_word' id='word_1_113' title='bbox 557 2063 800 2128; x_wconf 78' lang='lat' dir='ltr'><strong>Angusto</strong></span> <span class='ocrx_word' id='word_1_114' title='bbox 838 2066 1053 2116; x_wconf 73' lang='lat' dir='ltr'><strong>Sueton-</strong></span> <span class='ocrx_word' id='word_1_115' title='bbox 1088 2067 1383 2119; x_wconf 75' lang='lat' dir='ltr'><strong>‘Iaandavit</strong></span> <span class='ocrx_word' id='word_1_116' title='bbox 1417 2069 1629 2134; x_wconf 79' lang='lat' dir='ltr'><strong>quidem</strong></span> 
     </span>
     <span class='ocr_line' id='line_1_22' title="bbox 556 2141 1629 2210; baseline 0.007 -21"><span class='ocrx_word' id='word_1_117' title='bbox 556 2141 818 2203; x_wconf 87' lang='lat' dir='ltr'><strong>pietatem</strong></span> <span class='ocrx_word' id='word_1_118' title='bbox 840 2150 1115 2207; x_wconf 71' lang='lat' dir='ltr'><strong>tantopere</strong></span> <span class='ocrx_word' id='word_1_119' title='bbox 1147 2158 1244 2208; x_wconf 92' lang='lat' dir='ltr'><strong>pro</strong></span> <span class='ocrx_word' id='word_1_120' title='bbox 1267 2159 1325 2195; x_wconf 89' lang='lat' dir='ltr'><strong>se</strong></span> <span class='ocrx_word' id='word_1_121' title='bbox 1356 2144 1629 2210; x_wconf 77' lang='lat' dir='ltr'><strong>indignan-</strong></span> 
     </span>
     <span class='ocr_line' id='line_1_23' title="bbox 558 2218 1627 2285; baseline 0.006 -19"><span class='ocrx_word' id='word_1_122' title='bbox 558 2218 725 2269; x_wconf 74' lang='lat' dir='ltr'><strong>tium:</strong></span> <span class='ocrx_word' id='word_1_123' title='bbox 778 2227 1030 2271; x_wconf 73' lang='lat' dir='ltr'><strong>caeterntn</strong></span> <span class='ocrx_word' id='word_1_124' title='bbox 1071 2228 1129 2269; x_wconf 86' lang='lat' dir='ltr'><strong>et</strong></span> <span class='ocrx_word' id='word_1_125' title='bbox 1164 2220 1530 2285; x_wconf 72' lang='lat' dir='ltr'><strong>illacrymavit,</strong></span> <span class='ocrx_word' id='word_1_126' title='bbox 1570 2229 1627 2273; x_wconf 90' lang='lat' dir='ltr'><strong>et</strong></span> 
     </span>
     <span class='ocr_line' id='line_1_24' title="bbox 558 2295 1626 2363; baseline 0.007 -22"><span class='ocrx_word' id='word_1_127' title='bbox 558 2295 728 2343; x_wconf 81' lang='lat' dir='ltr'><strong>vicem</strong></span> <span class='ocrx_word' id='word_1_128' title='bbox 782 2308 927 2345; x_wconf 87' lang='lat' dir='ltr'><strong>suam</strong></span> <span class='ocrx_word' id='word_1_129' title='bbox 981 2303 1297 2361; x_wconf 70' lang='lat' dir='ltr'>conquestus</span> <span class='ocrx_word' id='word_1_130' title='bbox 1340 2304 1441 2355; x_wconf 88' lang='lat' dir='ltr'><strong>est,</strong></span> <span class='ocrx_word' id='word_1_131' title='bbox 1485 2299 1626 2363; x_wconf 81' lang='lat' dir='ltr'><strong>quod</strong></span> 
     </span>
     <span class='ocr_line' id='line_1_25' title="bbox 557 2369 1627 2438; baseline 0.008 -20"><span class='ocrx_word' id='word_1_132' title='bbox 557 2369 659 2419; x_wconf 86' lang='lat' dir='ltr'><strong>sibi</strong></span> <span class='ocrx_word' id='word_1_133' title='bbox 690 2370 788 2420; x_wconf 88' lang='lat' dir='ltr'><strong>soli</strong></span> <span class='ocrx_word' id='word_1_134' title='bbox 822 2385 925 2421; x_wconf 88' lang='lat' dir='ltr'><strong>non</strong></span> <span class='ocrx_word' id='word_1_135' title='bbox 959 2371 1145 2423; x_wconf 89' lang='lat' dir='ltr'><strong>liceret</strong></span> <span class='ocrx_word' id='word_1_136' title='bbox 1166 2374 1344 2423; x_wconf 80' lang='lat' dir='ltr'><strong>amicis</strong></span> <span class='ocrx_word' id='word_1_137' title='bbox 1366 2382 1627 2438; x_wconf 84' lang='lat' dir='ltr'><strong>qnatenus</strong></span> 
     </span>
     <span class='ocr_line' id='line_1_26' title="bbox 555 2446 1627 2514; baseline 0.009 -21"><span class='ocrx_word' id='word_1_138' title='bbox 555 2447 720 2496; x_wconf 77' lang='lat' dir='ltr'><strong>vellet</strong></span> <span class='ocrx_word' id='word_1_139' title='bbox 754 2446 946 2504; x_wconf 85' lang='lat' dir='ltr'><strong>irasci‚’</strong></span> <span class='ocrx_word' id='word_1_140' title='bbox 968 2451 1070 2499; x_wconf 70' lang='grc' dir='ltr'><strong>διο.</strong></span> <span class='ocrx_word' id='word_1_141' title='bbox 1101 2448 1167 2498; x_wconf 85' lang='lat' dir='ltr'><strong>de</strong></span> <span class='ocrx_word' id='word_1_142' title='bbox 1190 2464 1291 2514; x_wconf 82' lang='lat' dir='ltr'><strong>qna</strong></span> <span class='ocrx_word' id='word_1_143' title='bbox 1326 2461 1627 2503; x_wconf 83' lang='lat' dir='ltr'><strong>mansuetn-</strong></span> 
     </span>
     <span class='ocr_line' id='line_1_27' title="bbox 555 2520 1624 2589; baseline 0.007 -20"><span class='ocrx_word' id='word_1_144' title='bbox 555 2520 696 2582; x_wconf 85' lang='lat' dir='ltr'><strong>dine,</strong></span> <span class='ocrx_word' id='word_1_145' title='bbox 719 2535 813 2572; x_wconf 92' lang='lat' dir='ltr'><strong>nos</strong></span> <span class='ocrx_word' id='word_1_146' title='bbox 841 2537 943 2572; x_wconf 90' lang='lat' dir='ltr'><strong>non</strong></span> <span class='ocrx_word' id='word_1_147' title='bbox 977 2524 1158 2587; x_wconf 89' lang='lat' dir='ltr'><strong>inepta</strong></span> <span class='ocrx_word' id='word_1_148' title='bbox 1194 2525 1258 2573; x_wconf 86' lang='lat' dir='ltr'><strong>ad</strong></span> <span class='ocrx_word' id='word_1_149' title='bbox 1294 2525 1384 2574; x_wconf 91' lang='lat' dir='ltr'><strong>illa</strong></span> <span class='ocrx_word' id='word_1_150' title='bbox 1407 2525 1624 2589; x_wconf 87' lang='lat' dir='ltr'><strong>Capito-</strong></span> 
     </span>
     <span class='ocr_line' id='line_1_28' title="bbox 556 2598 1623 2662; baseline 0.006 -15"><span class='ocrx_word' id='word_1_151' title='bbox 556 2598 638 2647; x_wconf 85' lang='lat' dir='ltr'><strong>nis</strong></span> <span class='ocrx_word' id='word_1_152' title='bbox 666 2599 806 2662; x_wconf 83' lang='lat' dir='ltr'><strong>apud</strong></span> <span class='ocrx_word' id='word_1_153' title='bbox 829 2600 1066 2651; x_wconf 83' lang='lat' dir='ltr'><strong>Tacitum</strong></span> <span class='ocrx_word' id='word_1_154' title='bbox 1091 2599 1284 2651; x_wconf 82' lang='lat' dir='ltr'><strong>Annal.</strong></span> <span class='ocrx_word' id='word_1_155' title='bbox 1307 2602 1342 2651; x_wconf 85' lang='lat' dir='ltr'><strong>l.</strong></span> <span class='ocrx_word' id='word_1_156' title='bbox 1362 2615 1450 2651; x_wconf 78' lang='grc' dir='ltr'><strong>ιιι.</strong></span> <span class='ocrx_word' id='word_1_157' title='bbox 1472 2617 1521 2652; x_wconf 87' lang='lat' dir='ltr'><strong>c.</strong></span> <span class='ocrx_word' id='word_1_158' title='bbox 1539 2608 1623 2653; x_wconf 80' lang='lat'><strong>⁷⁰.</strong></span> 
     </span>
     <span class='ocr_line' id='line_1_29' title="bbox 556 2676 1628 2731; baseline 0.007 -7"><span class='ocrx_word' id='word_1_159' title='bbox 556 2681 573 2704; x_wconf 75' lang='lat'>⁸</span> <span class='ocrx_word' id='word_1_160' title='bbox 590 2676 729 2725; x_wconf 80' lang='lat' dir='ltr'><strong>Sene</strong></span> <span class='ocrx_word' id='word_1_161' title='bbox 750 2677 927 2726; x_wconf 85' lang='lat' dir='ltr'><strong>lentus</strong></span> <span class='ocrx_word' id='word_1_162' title='bbox 951 2677 1003 2727; x_wconf 91' lang='lat' dir='ltr'><strong>in</strong></span> <span class='ocrx_word' id='word_1_163' title='bbox 1026 2691 1122 2728; x_wconf 91' lang='lat' dir='ltr'><strong>suo</strong></span> <span class='ocrx_word' id='word_1_164' title='bbox 1141 2678 1324 2728; x_wconf 85' lang='lat' dir='ltr'><strong>dolore</strong></span> <span class='ocrx_word' id='word_1_165' title='bbox 1347 2688 1488 2729; x_wconf 86' lang='lat' dir='ltr'><strong>esset</strong></span> <span class='ocrx_word' id='word_1_166' title='bbox 1511 2682 1628 2731; x_wconf 71' lang='lat' dir='ltr'><strong>Cas·</strong></span> 
     </span>
    </p>
   </div>
   <div class='ocr_carea' id='block_1_3' title="bbox 474 2753 1626 2822">
    <p class='ocr_par' dir='ltr' id='par_1_5' title="bbox 474 2753 1626 2822">
     <span class='ocr_line' id='line_1_30' title="bbox 474 2753 1626 2822; baseline 0.009 -23"><span class='ocrx_word' id='word_1_167' title='bbox 474 2802 481 2813; x_wconf 51' lang='grc'>,</span> <span class='ocrx_word' id='word_1_168' title='bbox 555 2765 679 2814; x_wconf 84' lang='lat' dir='ltr'><strong>sar;</strong></span> <span class='ocrx_word' id='word_1_169' title='bbox 711 2753 1015 2816; x_wconf 63' lang='lat' dir='ltr'><strong>reipublice</strong></span> <span class='ocrx_word' id='word_1_170' title='bbox 1047 2754 1266 2819; x_wconf 80' lang='lat' dir='ltr'><strong>injurias</strong></span> <span class='ocrx_word' id='word_1_171' title='bbox 1307 2769 1375 2807; x_wconf 89' lang='lat' dir='ltr'><strong>ne</strong></span> <span class='ocrx_word' id='word_1_172' title='bbox 1408 2758 1626 2822; x_wconf 79' lang='lat' dir='ltr'><strong>largire·</strong></span> 
     </span>
    </p>
   </div>
   <div class='ocr_carea' id='block_1_4' title="bbox 547 2826 1628 4337">
    <p class='ocr_par' dir='ltr' id='par_1_6' title="bbox 554 2826 868 2880">
     <span class='ocr_line' id='line_1_31' title="bbox 554 2826 868 2880; baseline 0.003 -4"><span class='ocrx_word' id='word_1_173' title='bbox 554 2826 680 2880; x_wconf 54' lang='lat' dir='ltr'><strong>tur?</strong></span> <span class='ocrx_word' id='word_1_174' title='bbox 716 2827 868 2879; x_wconf 71' lang='lat' dir='ltr'><strong>Grut-</strong></span> 
     </span>
    </p>

    <p class='ocr_par' dir='ltr' id='par_1_7' title="bbox 547 2903 1628 4337">
     <span class='ocr_line' id='line_1_32' title="bbox 618 2903 1626 2973; baseline 0.008 -21"><span class='ocrx_word' id='word_1_175' title='bbox 618 2903 922 2960; x_wconf 63' lang='lat' dir='ltr'><strong>Petroniun</strong></span> <span class='ocrx_word' id='word_1_176' title='bbox 955 2903 1272 2972; x_wconf 69' lang='lat' dir='ltr'><strong>stephanam]</strong></span> <span class='ocrx_word' id='word_1_177' title='bbox 1320 2906 1388 2958; x_wconf 72' lang='grc' dir='ltr'><strong>Τὸ</strong></span> <span class='ocrx_word' id='word_1_178' title='bbox 1421 2909 1626 2973; x_wconf 63' lang='lat' dir='ltr'><strong>Stepha-</strong></span> 
     </span>
     <span class='ocr_line' id='line_1_33' title="bbox 552 2982 1626 3050; baseline 0.007 -19"><span class='ocrx_word' id='word_1_179' title='bbox 552 2996 671 3031; x_wconf 68' lang='lat' dir='ltr'><strong>num</strong></span> <span class='ocrx_word' id='word_1_180' title='bbox 703 2982 757 3032; x_wconf 91' lang='lat' dir='ltr'><strong>in</strong></span> <span class='ocrx_word' id='word_1_181' title='bbox 796 2982 936 3032; x_wconf 89' lang='lat' dir='ltr'><strong>nullo</strong></span> <span class='ocrx_word' id='word_1_182' title='bbox 969 2984 1098 3033; x_wconf 67' lang='grc' dir='ltr'><strong>Μαι.</strong></span> <span class='ocrx_word' id='word_1_183' title='bbox 1129 2998 1404 3050; x_wconf 85' lang='lat' dir='ltr'><strong>compsret</strong></span> <span class='ocrx_word' id='word_1_184' title='bbox 1435 3001 1538 3038; x_wconf 91' lang='lat' dir='ltr'><strong>nec</strong></span> <span class='ocrx_word' id='word_1_185' title='bbox 1570 2988 1626 3037; x_wconf 92' lang='lat' dir='ltr'><strong>in</strong></span> 
     </span>
     <span class='ocr_line' id='line_1_34' title="bbox 552 3058 1628 3129; baseline 0.008 -22"><span class='ocrx_word' id='word_1_186' title='bbox 552 3058 866 3121; x_wconf 74' lang='lat' dir='ltr'>Veronensi,</span> <span class='ocrx_word' id='word_1_187' title='bbox 893 3060 1201 3124; x_wconf 70' lang='lat' dir='ltr'><strong>Augustam</strong></span> <span class='ocrx_word' id='word_1_188' title='bbox 1225 3072 1283 3114; x_wconf 89' lang='lat' dir='ltr'><strong>et</strong></span> <span class='ocrx_word' id='word_1_189' title='bbox 1306 3063 1550 3129; x_wconf 56' lang='lat' dir='ltr'><strong>enphit,</strong></span> <span class='ocrx_word' id='word_1_190' title='bbox 1570 3073 1628 3116; x_wconf 88' lang='lat' dir='ltr'><strong>et</strong></span> 
     </span>
     <span class='ocr_line' id='line_1_35' title="bbox 550 3137 1623 3200; baseline 0.007 -16"><span class='ocrx_word' id='word_1_191' title='bbox 550 3141 736 3185; x_wconf 75' lang='lat' dir='ltr'><strong>rectez</strong></span> <span class='ocrx_word' id='word_1_192' title='bbox 771 3137 889 3200; x_wconf 89' lang='lat' dir='ltr'><strong>quis</strong></span> <span class='ocrx_word' id='word_1_193' title='bbox 922 3138 1060 3186; x_wconf 86' lang='lat' dir='ltr'><strong>enim</strong></span> <span class='ocrx_word' id='word_1_194' title='bbox 1096 3138 1230 3190; x_wconf 87' lang='lat' dir='ltr'><strong>duos</strong></span> <span class='ocrx_word' id='word_1_195' title='bbox 1265 3154 1370 3190; x_wconf 91' lang='lat' dir='ltr'><strong>nno</strong></span> <span class='ocrx_word' id='word_1_196' title='bbox 1402 3142 1514 3192; x_wconf 87' lang='lat' dir='ltr'><strong>ictu</strong></span> <span class='ocrx_word' id='word_1_197' title='bbox 1545 3143 1623 3191; x_wconf 91' lang='lat' dir='ltr'><strong>in-</strong></span> 
     </span>
     <span class='ocr_line' id='line_1_36' title="bbox 552 3211 1626 3283; baseline 0.007 -25"><span class='ocrx_word' id='word_1_198' title='bbox 552 3215 841 3283; x_wconf 79' lang='lat' dir='ltr'><strong>teremptos</strong></span> <span class='ocrx_word' id='word_1_199' title='bbox 885 3211 1107 3263; x_wconf 83' lang='lat' dir='ltr'><strong>credat?</strong></span> <span class='ocrx_word' id='word_1_200' title='bbox 1173 3214 1426 3279; x_wconf 85' lang='lat' dir='ltr'><strong>Suspicor</strong></span> <span class='ocrx_word' id='word_1_201' title='bbox 1466 3231 1626 3281; x_wconf 83' lang='lat' dir='ltr'><strong>snpra</strong></span> 
     </span>
     <span class='ocr_line' id='line_1_37' title="bbox 551 3286 1624 3358; baseline 0.008 -24"><span class='ocrx_word' id='word_1_202' title='bbox 551 3286 878 3350; x_wconf 84' lang='lat' dir='ltr'><strong>adscriptum</strong></span> <span class='ocrx_word' id='word_1_203' title='bbox 914 3287 1215 3340; x_wconf 71' lang='lat' dir='ltr'><strong>Secundum-.-</strong></span> <span class='ocrx_word' id='word_1_204' title='bbox 1251 3292 1478 3358; x_wconf 87' lang='lat' dir='ltr'><strong>indeque</strong></span> <span class='ocrx_word' id='word_1_205' title='bbox 1514 3292 1624 3344; x_wconf 84' lang='lat' dir='ltr'><strong>fac-</strong></span> 
     </span>
     <span class='ocr_line' id='line_1_38' title="bbox 551 3363 1625 3433; baseline 0.007 -21"><span class='ocrx_word' id='word_1_206' title='bbox 551 3371 666 3412; x_wconf 88' lang='lat' dir='ltr'><strong>tum</strong></span> <span class='ocrx_word' id='word_1_207' title='bbox 704 3364 771 3413; x_wconf 84' lang='lat' dir='ltr'><strong>ab</strong></span> <span class='ocrx_word' id='word_1_208' title='bbox 807 3364 984 3427; x_wconf 86' lang='lat' dir='ltr'><strong>aliquo</strong></span> <span class='ocrx_word' id='word_1_209' title='bbox 1026 3363 1384 3429; x_wconf 71' lang='lat' dir='ltr'><strong>ludimagistro</strong></span> <span class='ocrx_word' id='word_1_210' title='bbox 1419 3368 1625 3433; x_wconf 71' lang='lat' dir='ltr'><strong>Stepha-</strong></span> 
     </span>
     <span class='ocr_line' id='line_1_39' title="bbox 552 3438 1622 3507; baseline 0.007 -19"><span class='ocrx_word' id='word_1_211' title='bbox 552 3455 688 3501; x_wconf 75' lang='lat' dir='ltr'><strong>num,</strong></span> <span class='ocrx_word' id='word_1_212' title='bbox 711 3438 847 3503; x_wconf 86' lang='lat' dir='ltr'><strong>quod</strong></span> <span class='ocrx_word' id='word_1_213' title='bbox 883 3454 1001 3489; x_wconf 86' lang='lat' dir='ltr'><strong>eum</strong></span> <span class='ocrx_word' id='word_1_214' title='bbox 1040 3456 1200 3505; x_wconf 87' lang='lat' dir='ltr'><strong>supra</strong></span> <span class='ocrx_word' id='word_1_215' title='bbox 1233 3444 1372 3492; x_wconf 90' lang='lat' dir='ltr'><strong>inter</strong></span> <span class='ocrx_word' id='word_1_216' title='bbox 1410 3459 1622 3507; x_wconf 83' lang='lat' dir='ltr'><strong>percus-</strong></span> 
     </span>
     <span class='ocr_line' id='line_1_40' title="bbox 553 3515 1624 3570; baseline 0.006 -6"><span class='ocrx_word' id='word_1_217' title='bbox 553 3529 699 3565; x_wconf 85' lang='lat' dir='ltr'><strong>sores</strong></span> <span class='ocrx_word' id='word_1_218' title='bbox 742 3515 1026 3565; x_wconf 82' lang='lat' dir='ltr'><strong>Domitiani</strong></span> <span class='ocrx_word' id='word_1_219' title='bbox 1077 3518 1394 3568; x_wconf 84' lang='lat' dir='ltr'><strong>nominatum</strong></span> <span class='ocrx_word' id='word_1_220' title='bbox 1450 3536 1624 3570; x_wconf 88' lang='lat' dir='ltr'><strong>recor·</strong></span> 
     </span>
     <span class='ocr_line' id='line_1_41' title="bbox 552 3591 1622 3656; baseline 0.005 -16"><span class='ocrx_word' id='word_1_221' title='bbox 552 3591 787 3642; x_wconf 81' lang='lat' dir='ltr'><strong>daretur.</strong></span> <span class='ocrx_word' id='word_1_222' title='bbox 855 3591 1018 3656; x_wconf 87' lang='lat' dir='ltr'><strong>Atqui</strong></span> <span class='ocrx_word' id='word_1_223' title='bbox 1052 3593 1283 3643; x_wconf 76' lang='lat' dir='ltr'><strong>Zonaras</strong></span> <span class='ocrx_word' id='word_1_224' title='bbox 1320 3609 1421 3644; x_wconf 88' lang='lat' dir='ltr'><strong>non</strong></span> <span class='ocrx_word' id='word_1_225' title='bbox 1462 3598 1622 3646; x_wconf 87' lang='lat' dir='ltr'><strong>malus</strong></span> 
     </span>
     <span class='ocr_line' id='line_1_42' title="bbox 551 3667 1622 3734; baseline 0.006 -17"><span class='ocrx_word' id='word_1_226' title='bbox 551 3675 757 3726; x_wconf 79' lang='lat' dir='ltr'><strong>auctor,</strong></span> <span class='ocrx_word' id='word_1_227' title='bbox 779 3668 831 3717; x_wconf 92' lang='lat' dir='ltr'><strong>in</strong></span> <span class='ocrx_word' id='word_1_228' title='bbox 849 3667 995 3718; x_wconf 66' lang='lat' dir='ltr'><strong>carde</strong></span> <span class='ocrx_word' id='word_1_229' title='bbox 1011 3670 1122 3732; x_wconf 81' lang='lat' dir='ltr'><strong>ipsa</strong></span> <span class='ocrx_word' id='word_1_230' title='bbox 1140 3670 1484 3734; x_wconf 86' lang='lat' dir='ltr'><strong>Imperatoris</strong></span> <span class='ocrx_word' id='word_1_231' title='bbox 1502 3673 1622 3723; x_wconf 89' lang='lat' dir='ltr'><strong>Ste-</strong></span> 
     </span>
     <span class='ocr_line' id='line_1_43' title="bbox 549 3746 1622 3810; baseline 0.004 -15"><span class='ocrx_word' id='word_1_232' title='bbox 549 3746 776 3808; x_wconf 85' lang='lat' dir='ltr'><strong>phanum</strong></span> <span class='ocrx_word' id='word_1_233' title='bbox 793 3760 996 3810; x_wconf 85' lang='lat' dir='ltr'><strong>quoqne</strong></span> <span class='ocrx_word' id='word_1_234' title='bbox 1013 3746 1352 3798; x_wconf 84' lang='lat' dir='ltr'><strong>interfectum</strong></span> <span class='ocrx_word' id='word_1_235' title='bbox 1367 3747 1533 3799; x_wconf 80' lang='lat' dir='ltr'><strong>refert</strong></span> <span class='ocrx_word' id='word_1_236' title='bbox 1553 3751 1622 3800; x_wconf 85' lang='lat' dir='ltr'><strong>ab</strong></span> 
     </span>
     <span class='ocr_line' id='line_1_44' title="bbox 547 3823 1624 3889; baseline 0.006 -17"><span class='ocrx_word' id='word_1_237' title='bbox 547 3824 746 3887; x_wconf 72' lang='lat' dir='ltr'><strong>ignaris</strong></span> <span class='ocrx_word' id='word_1_238' title='bbox 778 3823 1170 3888; x_wconf 81' lang='lat' dir='ltr'><strong>conjurationis.</strong></span> <span class='ocrx_word' id='word_1_239' title='bbox 1239 3826 1361 3876; x_wconf 86' lang='lat' dir='ltr'><strong>Non</strong></span> <span class='ocrx_word' id='word_1_240' title='bbox 1394 3827 1557 3889; x_wconf 73' lang='lat' dir='ltr'><strong>igitur</strong></span> <span class='ocrx_word' id='word_1_241' title='bbox 1589 3843 1624 3879; x_wconf 81' lang='lat' dir='ltr'><strong>a</strong></span> 
     </span>
     <span class='ocr_line' id='line_1_45' title="bbox 548 3899 1621 3965; baseline 0.002 -15"><span class='ocrx_word' id='word_1_242' title='bbox 548 3899 779 3951; x_wconf 81' lang='lat' dir='ltr'><strong>Neronis</strong></span> <span class='ocrx_word' id='word_1_243' title='bbox 824 3899 1094 3950; x_wconf 86' lang='lat' dir='ltr'><strong>militibus.</strong></span> <span class='ocrx_word' id='word_1_244' title='bbox 1130 3924 1138 3935; x_wconf 90' lang='lat'><strong>·</strong></span> <span class='ocrx_word' id='word_1_245' title='bbox 1169 3902 1453 3965; x_wconf 79' lang='lat' dir='ltr'><strong>Eutropius</strong></span> <span class='ocrx_word' id='word_1_246' title='bbox 1493 3917 1621 3952; x_wconf 91' lang='lat' dir='ltr'><strong>sane</strong></span> 
     </span>
     <span class='ocr_line' id='line_1_46' title="bbox 547 3976 1620 4041; baseline 0.005 -15"><span class='ocrx_word' id='word_1_247' title='bbox 547 3976 892 4027; x_wconf 85' lang='lat' dir='ltr'><strong>‘Petronium</strong></span> <span class='ocrx_word' id='word_1_248' title='bbox 939 3977 1269 4028; x_wconf 80' lang='lat' dir='ltr'><strong>Secundnm’</strong></span> <span class='ocrx_word' id='word_1_249' title='bbox 1309 3977 1620 4041; x_wconf 66' lang='lat' dir='ltr'><strong>prefectum</strong></span> 
     </span>
     <span class='ocr_line' id='line_1_47' title="bbox 550 4053 1619 4118; baseline 0.005 -18"><span class='ocrx_word' id='word_1_250' title='bbox 550 4053 799 4115; x_wconf 76' lang='lat' dir='ltr'><strong>praetorio</strong></span> <span class='ocrx_word' id='word_1_251' title='bbox 853 4054 1105 4118; x_wconf 78' lang='lat' dir='ltr'><strong>nominat,</strong></span> <span class='ocrx_word' id='word_1_252' title='bbox 1151 4068 1269 4103; x_wconf 88' lang='lat' dir='ltr'><strong>cum</strong></span> <span class='ocrx_word' id='word_1_253' title='bbox 1311 4056 1378 4103; x_wconf 81' lang='lat' dir='ltr'><strong>de</strong></span> <span class='ocrx_word' id='word_1_254' title='bbox 1425 4056 1619 4105; x_wconf 76' lang='lat' dir='ltr'><strong>Nervae</strong></span> 
     </span>
     <span class='ocr_line' id='line_1_48' title="bbox 547 4128 1618 4194; baseline 0.005 -19"><span class='ocrx_word' id='word_1_255' title='bbox 547 4128 944 4177; x_wconf 68' lang='lat' dir='ltr'><strong>auxiliatoribus</strong></span> <span class='ocrx_word' id='word_1_256' title='bbox 979 4128 1046 4177; x_wconf 84' lang='lat' dir='ltr'><strong>ad</strong></span> <span class='ocrx_word' id='word_1_257' title='bbox 1081 4141 1296 4191; x_wconf 61' lang='lat' dir='ltr'><strong>regnunt</strong></span> <span class='ocrx_word' id='word_1_258' title='bbox 1329 4130 1618 4194; x_wconf 85' lang='lat' dir='ltr'><strong>adipiscen-</strong></span> 
     </span>
     <span class='ocr_line' id='line_1_49' title="bbox 550 4204 1620 4269; baseline 0.006 -17"><span class='ocrx_word' id='word_1_259' title='bbox 550 4204 675 4252; x_wconf 81' lang='lat' dir='ltr'><strong>dum</strong></span> <span class='ocrx_word' id='word_1_260' title='bbox 696 4204 925 4269; x_wconf 87' lang='lat' dir='ltr'><strong>loquitur</strong></span> <span class='ocrx_word' id='word_1_261' title='bbox 945 4205 1043 4254; x_wconf 79' lang='lat' dir='ltr'><strong>sub</strong></span> <span class='ocrx_word' id='word_1_262' title='bbox 1067 4204 1270 4255; x_wconf 87' lang='lat' dir='ltr'><strong>initium</strong></span> <span class='ocrx_word' id='word_1_263' title='bbox 1293 4206 1386 4255; x_wconf 84' lang='lat' dir='ltr'><strong>lib.</strong></span> <span class='ocrx_word' id='word_1_264' title='bbox 1411 4221 1536 4256; x_wconf 77' lang='lat' dir='ltr'><strong>vm.</strong></span> <span class='ocrx_word' id='word_1_265' title='bbox 1563 4215 1620 4258; x_wconf 90' lang='lat' dir='ltr'><strong>et</strong></span> 
     </span>
     <span class='ocr_line' id='line_1_50' title="bbox 551 4280 1617 4337; baseline 0.007 -7"><span class='ocrx_word' id='word_1_266' title='bbox 551 4280 894 4337; x_wconf 73' lang='lat' dir='ltr'><strong>Parthenium</strong></span> <span class='ocrx_word' id='word_1_267' title='bbox 928 4280 1321 4335; x_wconf 75' lang='lat' dir='ltr'><strong>interfectorem</strong></span> <span class='ocrx_word' id='word_1_268' title='bbox 1358 4285 1617 4337; x_wconf 80' lang='lat' dir='ltr'><strong>Domitia·</strong></span> 
     </span>
    </p>
   </div>
   <div class='ocr_carea' id='block_1_5' title="bbox 1267 399 2108 450">
    <p class='ocr_par' dir='ltr' id='par_1_8' title="bbox 1267 399 2108 450">
     <span class='ocr_line' id='line_1_51' title="bbox 1267 399 2108 450; baseline -0.006 -2"><span class='ocrx_word' id='word_1_269' title='bbox 1267 399 1483 448; x_wconf 62' lang='lat' dir='ltr'><strong>⁸01·AE</strong></span> <span class='ocrx_word' id='word_1_270' title='bbox 1529 399 1948 450; x_wconf 76' lang='lat' dir='ltr'><strong>VAmoRUM</strong></span> <span class='ocrx_word' id='word_1_271' title='bbox 1997 402 2108 450; x_wconf 81' lang='lat' dir='ltr'><strong>IN.</strong></span> 
     </span>
    </p>
   </div>
   <div class='ocr_carea' id='block_1_6' title="bbox 1694 541 2790 4271">
    <p class='ocr_par' dir='ltr' id='par_1_9' title="bbox 1702 541 2790 2116">
     <span class='ocr_line' id='line_1_52' title="bbox 1709 541 2765 608; baseline 0.001 -17"><span class='ocrx_word' id='word_1_272' title='bbox 1709 542 1802 592; x_wconf 81' lang='lat' dir='ltr'><strong>ni:</strong></span> <span class='ocrx_word' id='word_1_273' title='bbox 1834 557 1988 608; x_wconf 82' lang='lat' dir='ltr'><strong>quem</strong></span> <span class='ocrx_word' id='word_1_274' title='bbox 2012 543 2233 594; x_wconf 83' lang='lat' dir='ltr'><strong>Orosius</strong></span> <span class='ocrx_word' id='word_1_275' title='bbox 2266 542 2555 608; x_wconf 69' lang='lat' dir='ltr'><strong>spadonem</strong></span> <span class='ocrx_word' id='word_1_276' title='bbox 2580 541 2702 593; x_wconf 80' lang='lat' dir='ltr'><strong>facit</strong></span> <span class='ocrx_word' id='word_1_277' title='bbox 2732 544 2765 592; x_wconf 90' lang='lat' dir='ltr'><strong>l.</strong></span> 
     </span>
     <span class='ocr_line' id='line_1_53' title="bbox 1709 618 2769 683; baseline 0 -16"><span class='ocrx_word' id='word_1_278' title='bbox 1709 631 1821 668; x_wconf 75' lang='lat' dir='ltr'><strong>vu.</strong></span> <span class='ocrx_word' id='word_1_279' title='bbox 1850 632 1899 668; x_wconf 86' lang='lat' dir='ltr'><strong>c.</strong></span> <span class='ocrx_word' id='word_1_280' title='bbox 1940 622 1991 667; x_wconf 77' lang='lat'><strong>2.</strong></span> <span class='ocrx_word' id='word_1_281' title='bbox 2032 619 2359 683; x_wconf 77' lang='lat' dir='ltr'><strong>Tranquillus</strong></span> <span class='ocrx_word' id='word_1_282' title='bbox 2403 633 2530 667; x_wconf 84' lang='lat' dir='ltr'><strong>vero</strong></span> <span class='ocrx_word' id='word_1_283' title='bbox 2574 618 2769 668; x_wconf 74' lang='lat' dir='ltr'><strong>‘Maxi-</strong></span> 
     </span>
     <span class='ocr_line' id='line_1_54' title="bbox 1707 693 2769 758; baseline 0.002 -16"><span class='ocrx_word' id='word_1_284' title='bbox 1707 693 1881 742; x_wconf 82' lang='lat' dir='ltr'><strong>mum’</strong></span> <span class='ocrx_word' id='word_1_285' title='bbox 1914 695 2170 745; x_wconf 73' lang='lat' dir='ltr'><strong>duntaxat</strong></span> <span class='ocrx_word' id='word_1_286' title='bbox 2212 696 2454 745; x_wconf 82' lang='lat' dir='ltr'><strong>libertum</strong></span> <span class='ocrx_word' id='word_1_287' title='bbox 2488 696 2629 745; x_wconf 87' lang='lat' dir='ltr'><strong>inter</strong></span> <span class='ocrx_word' id='word_1_288' title='bbox 2662 695 2769 758; x_wconf 86' lang='lat' dir='ltr'><strong>ejus</strong></span> 
     </span>
     <span class='ocr_line' id='line_1_55' title="bbox 1707 773 2773 835; baseline -0.001 -14"><span class='ocrx_word' id='word_1_289' title='bbox 1707 784 2042 835; x_wconf 71' lang='lat' dir='ltr'><strong>percussores</strong></span> <span class='ocrx_word' id='word_1_290' title='bbox 2088 780 2349 833; x_wconf 81' lang='lat' dir='ltr'><strong>numerat,</strong></span> <span class='ocrx_word' id='word_1_291' title='bbox 2383 773 2437 820; x_wconf 92' lang='lat' dir='ltr'><strong>in</strong></span> <span class='ocrx_word' id='word_1_292' title='bbox 2471 773 2773 821; x_wconf 77' lang='lat' dir='ltr'><strong>Domitiano</strong></span> 
     </span>
     <span class='ocr_line' id='line_1_56' title="bbox 1707 849 2773 913; baseline -0.002 -14"><span class='ocrx_word' id='word_1_293' title='bbox 1707 862 1826 913; x_wconf 88' lang='lat' dir='ltr'><strong>cap.</strong></span> <span class='ocrx_word' id='word_1_294' title='bbox 1862 852 1944 900; x_wconf 76' lang='lat'><strong>1⁷.</strong></span> <span class='ocrx_word' id='word_1_295' title='bbox 1979 849 2170 900; x_wconf 57' lang='lat' dir='ltr'><strong>Seleu.</strong></span> <span class='ocrx_word' id='word_1_296' title='bbox 2205 857 2263 900; x_wconf 90' lang='lat' dir='ltr'><strong>et</strong></span> <span class='ocrx_word' id='word_1_297' title='bbox 2302 850 2453 900; x_wconf 73' lang='lat' dir='ltr'><strong>Grat.</strong></span> <span class='ocrx_word' id='word_1_298' title='bbox 2533 850 2688 907; x_wconf 78' lang='lat' dir='ltr'><strong>Unde</strong></span> <span class='ocrx_word' id='word_1_299' title='bbox 2725 852 2773 898; x_wconf 90' lang='lat' dir='ltr'><strong>in</strong></span> 
     </span>
     <span class='ocr_line' id='line_1_57' title="bbox 1708 924 2773 990; baseline 0.003 -18"><span class='ocrx_word' id='word_1_300' title='bbox 1708 924 2088 987; x_wconf 84' lang='lat' dir='ltr'><strong>posterioribus</strong></span> <span class='ocrx_word' id='word_1_301' title='bbox 2112 926 2320 990; x_wconf 80' lang='lat' dir='ltr'><strong>quidem</strong></span> <span class='ocrx_word' id='word_1_302' title='bbox 2344 925 2468 976; x_wconf 84' lang='lat' dir='ltr'><strong>edd.</strong></span> <span class='ocrx_word' id='word_1_303' title='bbox 2503 927 2597 974; x_wconf 86' lang='lat' dir='ltr'><strong>illa</strong></span> <span class='ocrx_word' id='word_1_304' title='bbox 2625 926 2773 975; x_wconf 85' lang='lat' dir='ltr'><strong>lectio</strong></span> 
     </span>
     <span class='ocr_line' id='line_1_58' title="bbox 1708 1000 2775 1065; baseline 0.002 -16"><span class='ocrx_word' id='word_1_305' title='bbox 1708 1000 1996 1050; x_wconf 63' lang='lat' dir='ltr'><strong>Petronium</strong></span> <span class='ocrx_word' id='word_1_306' title='bbox 2014 1001 2309 1065; x_wconf 65' lang='lat' dir='ltr'><strong>Stephanus</strong></span> <span class='ocrx_word' id='word_1_307' title='bbox 2329 1017 2425 1051; x_wconf 71' lang='lat' dir='ltr'><strong>sino</strong></span> <span class='ocrx_word' id='word_1_308' title='bbox 2443 1004 2549 1051; x_wconf 72' lang='lat' dir='ltr'><strong>icta</strong></span> <span class='ocrx_word' id='word_1_309' title='bbox 2576 1001 2775 1064; x_wconf 79' lang='lat' dir='ltr'><strong>profec-</strong></span> 
     </span>
     <span class='ocr_line' id='line_1_59' title="bbox 1710 1075 2774 1143; baseline 0.002 -19"><span class='ocrx_word' id='word_1_310' title='bbox 1710 1083 1768 1125; x_wconf 83' lang='lat' dir='ltr'><strong>ta</strong></span> <span class='ocrx_word' id='word_1_311' title='bbox 1807 1075 1896 1131; x_wconf 81' lang='lat' dir='ltr'><strong>sit,</strong></span> <span class='ocrx_word' id='word_1_312' title='bbox 1932 1091 2017 1126; x_wconf 85' lang='lat' dir='ltr'><strong>me</strong></span> <span class='ocrx_word' id='word_1_313' title='bbox 2056 1076 2220 1143; x_wconf 57' lang='lat' dir='ltr'><strong>fugin</strong></span> <span class='ocrx_word' id='word_1_314' title='bbox 2268 1085 2415 1129; x_wconf 90' lang='lat' dir='ltr'><strong>certe</strong></span> <span class='ocrx_word' id='word_1_315' title='bbox 2456 1079 2512 1126; x_wconf 88' lang='lat' dir='ltr'><strong>in</strong></span> <span class='ocrx_word' id='word_1_316' title='bbox 2552 1079 2774 1142; x_wconf 73' lang='lat' dir='ltr'><strong>antiquis</strong></span> 
     </span>
     <span class='ocr_line' id='line_1_60' title="bbox 1707 1152 2774 1217; baseline 0.001 -16"><span class='ocrx_word' id='word_1_317' title='bbox 1707 1165 1835 1216; x_wconf 82' lang='lat' dir='ltr'><strong>quas</strong></span> <span class='ocrx_word' id='word_1_318' title='bbox 1878 1152 2104 1217; x_wconf 82' lang='lat' dir='ltr'><strong>inspexi,</strong></span> <span class='ocrx_word' id='word_1_319' title='bbox 2149 1154 2382 1204; x_wconf 79' lang='lat' dir='ltr'><strong>secunda</strong></span> <span class='ocrx_word' id='word_1_320' title='bbox 2426 1168 2531 1204; x_wconf 80' lang='lat' dir='ltr'><strong>vox</strong></span> <span class='ocrx_word' id='word_1_321' title='bbox 2574 1154 2774 1215; x_wconf 77' lang='lat' dir='ltr'><strong>aberat,</strong></span> 
     </span>
     <span class='ocr_line' id='line_1_61' title="bbox 1710 1227 2774 1294; baseline 0.002 -17"><span class='ocrx_word' id='word_1_322' title='bbox 1710 1227 1847 1291; x_wconf 83' lang='lat' dir='ltr'><strong>qnod</strong></span> <span class='ocrx_word' id='word_1_323' title='bbox 1872 1235 1930 1279; x_wconf 87' lang='lat' dir='ltr'><strong>et</strong></span> <span class='ocrx_word' id='word_1_324' title='bbox 1953 1228 2020 1283; x_wconf 77' lang='lat' dir='ltr'><strong>ab</strong></span> <span class='ocrx_word' id='word_1_325' title='bbox 2036 1230 2252 1293; x_wconf 83' lang='lat' dir='ltr'><strong>optimis</strong></span> <span class='ocrx_word' id='word_1_326' title='bbox 2275 1231 2485 1294; x_wconf 86' lang='lat' dir='ltr'><strong>scriptis</strong></span> <span class='ocrx_word' id='word_1_327' title='bbox 2507 1230 2774 1281; x_wconf 79' lang='lat' dir='ltr'><strong>confirma-</strong></span> 
     </span>
     <span class='ocr_line' id='line_1_62' title="bbox 1708 1306 2775 1368; baseline 0.002 -15"><span class='ocrx_word' id='word_1_328' title='bbox 1708 1310 1820 1366; x_wconf 66' lang='lat' dir='ltr'><strong>tur,</strong></span> <span class='ocrx_word' id='word_1_329' title='bbox 1850 1311 1907 1354; x_wconf 86' lang='lat' dir='ltr'><strong>et</strong></span> <span class='ocrx_word' id='word_1_330' title='bbox 1943 1319 1975 1354; x_wconf 82' lang='lat' dir='ltr'><strong>a</strong></span> <span class='ocrx_word' id='word_1_331' title='bbox 2008 1306 2084 1355; x_wconf 88' lang='lat' dir='ltr'><strong>rei</strong></span> <span class='ocrx_word' id='word_1_332' title='bbox 2123 1306 2382 1368; x_wconf 78' lang='lat' dir='ltr'><strong>veritate3</strong></span> <span class='ocrx_word' id='word_1_333' title='bbox 2413 1320 2532 1356; x_wconf 89' lang='lat' dir='ltr'><strong>cum</strong></span> <span class='ocrx_word' id='word_1_334' title='bbox 2576 1307 2662 1357; x_wconf 81' lang='lat' dir='ltr'><strong>vel</strong></span> <span class='ocrx_word' id='word_1_335' title='bbox 2692 1307 2775 1356; x_wconf 81' lang='lat' dir='ltr'><strong>illa</strong></span> 
     </span>
     <span class='ocr_line' id='line_1_63' title="bbox 1705 1370 2772 1446; baseline 0.002 -17"><span class='ocrx_word' id='word_1_336' title='bbox 1705 1380 1821 1444; x_wconf 85' lang='lat' dir='ltr'><strong>ipsa</strong></span> <span class='ocrx_word' id='word_1_337' title='bbox 1855 1370 2120 1445; x_wconf 72' lang='lat' dir='ltr'><strong>scriptura</strong></span> <span class='ocrx_word' id='word_1_338' title='bbox 2152 1390 2412 1446; x_wconf 79' lang='lat' dir='ltr'><strong>repugnet</strong></span> <span class='ocrx_word' id='word_1_339' title='bbox 2438 1384 2622 1432; x_wconf 77' lang='lat' dir='ltr'><strong>sensui</strong></span> <span class='ocrx_word' id='word_1_340' title='bbox 2644 1397 2772 1432; x_wconf 75' lang='lat' dir='ltr'><strong>coni·</strong></span> 
     </span>
     <span class='ocr_line' id='line_1_64' title="bbox 1705 1457 2772 1522; baseline 0.003 -17"><span class='ocrx_word' id='word_1_341' title='bbox 1705 1458 1870 1519; x_wconf 82' lang='lat' dir='ltr'><strong>muni,</strong></span> <span class='ocrx_word' id='word_1_342' title='bbox 1889 1457 1987 1507; x_wconf 86' lang='lat' dir='ltr'><strong>nisi</strong></span> <span class='ocrx_word' id='word_1_343' title='bbox 2016 1459 2301 1522; x_wconf 68' lang='lat' dir='ltr'><strong>intelligas,</strong></span> <span class='ocrx_word' id='word_1_344' title='bbox 2325 1460 2376 1509; x_wconf 87' lang='lat' dir='ltr'><strong>id</strong></span> <span class='ocrx_word' id='word_1_345' title='bbox 2401 1459 2626 1508; x_wconf 83' lang='lat' dir='ltr'><strong>voluisse</strong></span> <span class='ocrx_word' id='word_1_346' title='bbox 2659 1474 2772 1508; x_wconf 83' lang='lat' dir='ltr'><strong>auc-</strong></span> 
     </span>
     <span class='ocr_line' id='line_1_65' title="bbox 1706 1534 2770 1599; baseline 0.003 -18"><span class='ocrx_word' id='word_1_347' title='bbox 1706 1538 1898 1593; x_wconf 81' lang='lat' dir='ltr'><strong>torem,</strong></span> <span class='ocrx_word' id='word_1_348' title='bbox 1942 1535 2238 1585; x_wconf 77' lang='lat' dir='ltr'><strong>successive</strong></span> <span class='ocrx_word' id='word_1_349' title='bbox 2279 1534 2488 1599; x_wconf 86' lang='lat' dir='ltr'><strong>quidem</strong></span> <span class='ocrx_word' id='word_1_350' title='bbox 2540 1536 2770 1598; x_wconf 81' lang='lat' dir='ltr'><strong>periisse,</strong></span> 
     </span>
     <span class='ocr_line' id='line_1_66' title="bbox 1705 1610 2769 1662; baseline 0.002 -3"><span class='ocrx_word' id='word_1_351' title='bbox 1705 1610 1798 1659; x_wconf 79' lang='lat' dir='ltr'><strong>sed</strong></span> <span class='ocrx_word' id='word_1_352' title='bbox 1838 1618 2014 1661; x_wconf 81' lang='lat' dir='ltr'><strong>tamen</strong></span> <span class='ocrx_word' id='word_1_353' title='bbox 2054 1625 2159 1662; x_wconf 88' lang='lat' dir='ltr'><strong>uno</strong></span> <span class='ocrx_word' id='word_1_354' title='bbox 2195 1618 2394 1662; x_wconf 81' lang='lat' dir='ltr'><strong>tantum</strong></span> <span class='ocrx_word' id='word_1_355' title='bbox 2435 1613 2654 1661; x_wconf 73' lang='lat' dir='ltr'><strong>vulnero</strong></span> <span class='ocrx_word' id='word_1_356' title='bbox 2690 1627 2769 1661; x_wconf 83' lang='lat' dir='ltr'><strong>ae·</strong></span> 
     </span>
     <span class='ocr_line' id='line_1_67' title="bbox 1704 1689 2773 1753; baseline 0 -16"><span class='ocrx_word' id='word_1_357' title='bbox 1704 1693 1884 1751; x_wconf 88' lang='lat' dir='ltr'><strong>cepto,</strong></span> <span class='ocrx_word' id='word_1_358' title='bbox 1905 1694 1966 1738; x_wconf 88' lang='lat' dir='ltr'><strong>nt</strong></span> <span class='ocrx_word' id='word_1_359' title='bbox 1986 1695 2319 1753; x_wconf 83' lang='lat' dir='ltr'><strong>opponantur</strong></span> <span class='ocrx_word' id='word_1_360' title='bbox 2339 1689 2421 1752; x_wconf 89' lang='lat' dir='ltr'><strong>iis,</strong></span> <span class='ocrx_word' id='word_1_361' title='bbox 2432 1689 2521 1753; x_wconf 86' lang='lat' dir='ltr'><strong>qui</strong></span> <span class='ocrx_word' id='word_1_362' title='bbox 2539 1704 2640 1753; x_wconf 91' lang='lat' dir='ltr'><strong>per</strong></span> <span class='ocrx_word' id='word_1_363' title='bbox 2663 1703 2773 1752; x_wconf 84' lang='lat' dir='ltr'><strong>par·</strong></span> 
     </span>
     <span class='ocr_line' id='line_1_68' title="bbox 1706 1763 2770 1829; baseline 0.006 -19"><span class='ocrx_word' id='word_1_364' title='bbox 1706 1768 1790 1811; x_wconf 91' lang='lat' dir='ltr'><strong>tes</strong></span> <span class='ocrx_word' id='word_1_365' title='bbox 1835 1763 2211 1828; x_wconf 73' lang='lat' dir='ltr'><strong>lacerarentur,</strong></span> <span class='ocrx_word' id='word_1_366' title='bbox 2252 1764 2388 1829; x_wconf 78' lang='lat' dir='ltr'><strong>qnod</strong></span> <span class='ocrx_word' id='word_1_367' title='bbox 2428 1765 2610 1814; x_wconf 81' lang='lat' dir='ltr'><strong>evenit</strong></span> <span class='ocrx_word' id='word_1_368' title='bbox 2648 1765 2770 1816; x_wconf 83' lang='lat' dir='ltr'><strong>Par-</strong></span> 
     </span>
     <span class='ocr_line' id='line_1_69' title="bbox 1705 1837 2790 1906; baseline 0.003 -20"><span class='ocrx_word' id='word_1_369' title='bbox 1705 1837 1903 1902; x_wconf 82' lang='lat' dir='ltr'><strong>thenio,</strong></span> <span class='ocrx_word' id='word_1_370' title='bbox 1943 1840 2032 1902; x_wconf 90' lang='lat' dir='ltr'><strong>qni</strong></span> <span class='ocrx_word' id='word_1_371' title='bbox 2074 1840 2266 1890; x_wconf 80' lang='lat' dir='ltr'><strong>demtis</strong></span> <span class='ocrx_word' id='word_1_372' title='bbox 2321 1840 2465 1902; x_wconf 88' lang='lat' dir='ltr'><strong>prins</strong></span> <span class='ocrx_word' id='word_1_373' title='bbox 2512 1841 2790 1906; x_wconf 36' lang='lat' dir='ltr'><strong>testiculis-</strong></span> 
     </span>
     <span class='ocr_line' id='line_1_70' title="bbox 1703 1914 2769 1980; baseline 0.003 -17"><span class='ocrx_word' id='word_1_374' title='bbox 1703 1914 1883 1978; x_wconf 84' lang='lat' dir='ltr'><strong>periit.</strong></span> <span class='ocrx_word' id='word_1_375' title='bbox 1946 1916 2145 1966; x_wconf 79' lang='lat' dir='ltr'><strong>Verum</strong></span> <span class='ocrx_word' id='word_1_376' title='bbox 2182 1917 2353 1966; x_wconf 89' lang='lat' dir='ltr'><strong>ceteri</strong></span> <span class='ocrx_word' id='word_1_377' title='bbox 2375 1930 2585 1980; x_wconf 85' lang='lat' dir='ltr'><strong>quoqne</strong></span> <span class='ocrx_word' id='word_1_378' title='bbox 2617 1918 2769 1966; x_wconf 79' lang='lat' dir='ltr'><strong>histo-</strong></span> 
     </span>
     <span class='ocr_line' id='line_1_71' title="bbox 1702 1989 2768 2042; baseline 0.003 -5"><span class='ocrx_word' id='word_1_379' title='bbox 1702 1989 1799 2038; x_wconf 84' lang='lat' dir='ltr'><strong>rici</strong></span> <span class='ocrx_word' id='word_1_380' title='bbox 1816 1989 1948 2040; x_wconf 84' lang='lat' dir='ltr'><strong>duos</strong></span> <span class='ocrx_word' id='word_1_381' title='bbox 1967 1991 2289 2042; x_wconf 83' lang='lat' dir='ltr'><strong>solummodo</strong></span> <span class='ocrx_word' id='word_1_382' title='bbox 2307 1999 2622 2041; x_wconf 82' lang='lat' dir='ltr'><strong>memorant.</strong></span> <span class='ocrx_word' id='word_1_383' title='bbox 2643 1989 2768 2040; x_wconf 74' lang='lat' dir='ltr'><strong>Ars-</strong></span> 
     </span>
     <span class='ocr_line' id='line_1_72' title="bbox 1703 2066 1904 2116; baseline -0.005 0"><span class='ocrx_word' id='word_1_384' title='bbox 1703 2066 1904 2116; x_wconf 68' lang='lat' dir='ltr'><strong>maius.</strong></span> 
     </span>
    </p>

    <p class='ocr_par' dir='ltr' id='par_1_10' title="bbox 1694 2142 2771 3203">
     <span class='ocr_line' id='line_1_73' title="bbox 1771 2142 2771 2209; baseline -0.004 -15"><span class='ocrx_word' id='word_1_385' title='bbox 1771 2142 2024 2209; x_wconf 78' lang='lat' dir='ltr'><strong>Casperio]</strong></span> <span class='ocrx_word' id='word_1_386' title='bbox 2057 2143 2147 2195; x_wconf 83' lang='lat' dir='ltr'><strong>Sic</strong></span> <span class='ocrx_word' id='word_1_387' title='bbox 2163 2144 2379 2207; x_wconf 74' lang='lat' dir='ltr'><strong>vulgati.</strong></span> <span class='ocrx_word' id='word_1_388' title='bbox 2423 2143 2771 2207; x_wconf 63' lang='lat' dir='ltr'><strong>Caper-iuss.</strong></span> 
     </span>
     <span class='ocr_line' id='line_1_74' title="bbox 1702 2219 2767 2284; baseline -0.002 -15"><span class='ocrx_word' id='word_1_389' title='bbox 1702 2219 1807 2269; x_wconf 82' lang='lat' dir='ltr'><strong>duo</strong></span> <span class='ocrx_word' id='word_1_390' title='bbox 1831 2219 2119 2270; x_wconf 81' lang='lat' dir='ltr'><strong>inflectunt.</strong></span> <span class='ocrx_word' id='word_1_391' title='bbox 2181 2220 2386 2284; x_wconf 70' lang='lat' dir='ltr'><strong>Corpori</strong></span> <span class='ocrx_word' id='word_1_392' title='bbox 2405 2221 2606 2269; x_wconf 87' lang='lat' dir='ltr'><strong>Veron.</strong></span> <span class='ocrx_word' id='word_1_393' title='bbox 2622 2235 2655 2270; x_wconf 84' lang='lat' dir='ltr'><strong>s</strong></span> <span class='ocrx_word' id='word_1_394' title='bbox 2671 2233 2767 2282; x_wconf 89' lang='lat' dir='ltr'><strong>quo</strong></span> 
     </span>
     <span class='ocr_line' id='line_1_75' title="bbox 1699 2294 2768 2348; baseline -0.002 -2"><span class='ocrx_word' id='word_1_395' title='bbox 1699 2294 1835 2346; x_wconf 80' lang='lat' dir='ltr'><strong>forte</strong></span> <span class='ocrx_word' id='word_1_396' title='bbox 1853 2296 2199 2348; x_wconf 75' lang='lat' dir='ltr'><strong>Christianum</strong></span> <span class='ocrx_word' id='word_1_397' title='bbox 2219 2310 2409 2346; x_wconf 88' lang='lat' dir='ltr'><strong>nomen</strong></span> <span class='ocrx_word' id='word_1_398' title='bbox 2426 2304 2620 2345; x_wconf 82' lang='lat' dir='ltr'><strong>ortum.</strong></span> <span class='ocrx_word' id='word_1_399' title='bbox 2663 2297 2768 2344; x_wconf 75' lang='lat' dir='ltr'><strong>Eat·</strong></span> 
     </span>
     <span class='ocr_line' id='line_1_76' title="bbox 1694 2371 2766 2436; baseline 0 -16"><span class='ocrx_word' id='word_1_400' title='bbox 1694 2371 1829 2436; x_wconf 81' lang='lat' dir='ltr'><strong>perio</strong></span> <span class='ocrx_word' id='word_1_401' title='bbox 1849 2371 2159 2436; x_wconf 71' lang='lat' dir='ltr'><strong>Augustana</strong></span> <span class='ocrx_word' id='word_1_402' title='bbox 2180 2371 2345 2422; x_wconf 86' lang='lat' dir='ltr'><strong>editio</strong></span> <span class='ocrx_word' id='word_1_403' title='bbox 2367 2371 2560 2421; x_wconf 55' lang='lat' dir='ltr'><strong>haben,</strong></span> <span class='ocrx_word' id='word_1_404' title='bbox 2614 2374 2632 2401; x_wconf 80' lang='lat'>⁸</span> <span class='ocrx_word' id='word_1_405' title='bbox 2652 2373 2766 2422; x_wconf 81' lang='lat' dir='ltr'><strong>AEli-</strong></span> 
     </span>
     <span class='ocr_line' id='line_1_77' title="bbox 1703 2446 2767 2513; baseline -0.001 -16"><span class='ocrx_word' id='word_1_406' title='bbox 1703 2462 1857 2498; x_wconf 85' lang='lat' dir='ltr'><strong>anum</strong></span> <span class='ocrx_word' id='word_1_407' title='bbox 1896 2446 2238 2511; x_wconf 85' lang='lat' dir='ltr'><strong>Casperinm’</strong></span> <span class='ocrx_word' id='word_1_408' title='bbox 2279 2447 2381 2499; x_wconf 87' lang='lat' dir='ltr'><strong>Dio</strong></span> <span class='ocrx_word' id='word_1_409' title='bbox 2422 2453 2603 2508; x_wconf 81' lang='lat' dir='ltr'><strong>vocat,</strong></span> <span class='ocrx_word' id='word_1_410' title='bbox 2644 2462 2767 2513; x_wconf 66' lang='lat' dir='ltr'><strong>pras·</strong></span> 
     </span>
     <span class='ocr_line' id='line_1_78' title="bbox 1701 2522 2769 2588; baseline -0.001 -15"><span class='ocrx_word' id='word_1_411' title='bbox 1701 2522 1895 2575; x_wconf 74' lang='lat' dir='ltr'><strong>fectum</strong></span> <span class='ocrx_word' id='word_1_412' title='bbox 1936 2525 2203 2587; x_wconf 62' lang='lat' dir='ltr'><strong>pretorio,</strong></span> <span class='ocrx_word' id='word_1_413' title='bbox 2225 2539 2381 2588; x_wconf 86' lang='lat' dir='ltr'><strong>quam</strong></span> <span class='ocrx_word' id='word_1_414' title='bbox 2420 2525 2580 2574; x_wconf 82' lang='lat' dir='ltr'><strong>etiam</strong></span> <span class='ocrx_word' id='word_1_415' title='bbox 2607 2523 2769 2587; x_wconf 75' lang='lat' dir='ltr'><strong>digni·</strong></span> 
     </span>
     <span class='ocr_line' id='line_1_79' title="bbox 1702 2600 2767 2663; baseline -0.001 -13"><span class='ocrx_word' id='word_1_416' title='bbox 1702 2607 1864 2650; x_wconf 85' lang='lat' dir='ltr'><strong>tatem</strong></span> <span class='ocrx_word' id='word_1_417' title='bbox 1884 2600 1982 2650; x_wconf 83' lang='lat' dir='ltr'><strong>snb</strong></span> <span class='ocrx_word' id='word_1_418' title='bbox 2004 2600 2301 2651; x_wconf 82' lang='lat' dir='ltr'><strong>Domitiano</strong></span> <span class='ocrx_word' id='word_1_419' title='bbox 2325 2601 2565 2663; x_wconf 77' lang='lat' dir='ltr'><strong>gesserit.</strong></span> <span class='ocrx_word' id='word_1_420' title='bbox 2599 2600 2767 2649; x_wconf 65' lang='lat' dir='ltr'><strong>Schot-</strong></span> 
     </span>
     <span class='ocr_line' id='line_1_80' title="bbox 1698 2666 2767 2740; baseline -0.003 -13"><span class='ocrx_word' id='word_1_421' title='bbox 1698 2682 1796 2726; x_wconf 73' lang='lat' dir='ltr'><strong>tas.</strong></span> <span class='ocrx_word' id='word_1_422' title='bbox 1844 2677 2159 2740; x_wconf 81' lang='lat' dir='ltr'><strong>corruptum</strong></span> <span class='ocrx_word' id='word_1_423' title='bbox 2182 2666 2298 2740; x_wconf 72' lang='lat' dir='ltr'><strong>le&#39;ge</strong></span> <span class='ocrx_word' id='word_1_424' title='bbox 2317 2677 2534 2739; x_wconf 69' lang='lat' dir='ltr'><strong>&amp;ger-io.</strong></span> <span class='ocrx_word' id='word_1_425' title='bbox 2583 2676 2767 2740; x_wconf 78' lang='lat' dir='ltr'><strong>Xiphi-</strong></span> 
     </span>
     <span class='ocr_line' id='line_1_81' title="bbox 1700 2751 2766 2815; baseline 0 -12"><span class='ocrx_word' id='word_1_426' title='bbox 1700 2754 1833 2803; x_wconf 91' lang='lat' dir='ltr'><strong>linus</strong></span> <span class='ocrx_word' id='word_1_427' title='bbox 1853 2754 2178 2804; x_wconf 83' lang='lat' dir='ltr'><strong>Domitiano:</strong></span> <span class='ocrx_word' id='word_1_428' title='bbox 2210 2751 2462 2803; x_wconf 71' lang='grc' dir='ltr'><strong>Ἔπέθεντο</strong></span> <span class='ocrx_word' id='word_1_429' title='bbox 2482 2754 2523 2801; x_wconf 78' lang='grc' dir='ltr'><strong>δ’</strong></span> <span class='ocrx_word' id='word_1_430' title='bbox 2542 2753 2677 2815; x_wconf 63' lang='grc' dir='ltr'><strong>αὐτᾷ</strong></span> <span class='ocrx_word' id='word_1_431' title='bbox 2692 2751 2766 2803; x_wconf 67' lang='grc' dir='ltr'><strong>αὶ</strong></span> 
     </span>
     <span class='ocr_line' id='line_1_82' title="bbox 1699 2828 2768 2895; baseline 0 -16"><span class='ocrx_word' id='word_1_432' title='bbox 1699 2828 2110 2880; x_wconf 66' lang='grc' dir='ltr'><strong>συνεσκευάσαντο</strong></span> <span class='ocrx_word' id='word_1_433' title='bbox 2142 2830 2235 2888; x_wconf 69' lang='grc' dir='ltr'><strong>τὴν</strong></span> <span class='ocrx_word' id='word_1_434' title='bbox 2262 2832 2430 2895; x_wconf 66' lang='grc' dir='ltr'><strong><em>πρᾶξιν</em></strong></span> <span class='ocrx_word' id='word_1_435' title='bbox 2459 2830 2713 2895; x_wconf 63' lang='grc' dir='ltr'><strong><em>Παρθένιος</em></strong></span> <span class='ocrx_word' id='word_1_436' title='bbox 2727 2831 2768 2895; x_wconf 28' lang='grc' dir='ltr'><strong>,ὅ</strong></span> 
     </span>
     <span class='ocr_line' id='line_1_83' title="bbox 1698 2907 2766 2973; baseline 0.001 -17"><span class='ocrx_word' id='word_1_437' title='bbox 1698 2907 1950 2973; x_wconf 66' lang='grc' dir='ltr'><strong><em>σρόκοιτοε</em></strong></span> <span class='ocrx_word' id='word_1_438' title='bbox 1968 2909 2118 2959; x_wconf 73' lang='grc' dir='ltr'><strong><em>αὐτοῦ</em></strong></span> <span class='ocrx_word' id='word_1_439' title='bbox 2142 2907 2223 2958; x_wconf 72' lang='grc' dir='ltr'><strong>καὶ</strong></span> <span class='ocrx_word' id='word_1_440' title='bbox 2243 2908 2478 2972; x_wconf 55' lang='lat' dir='ltr'><strong>{mmor</strong></span> <span class='ocrx_word' id='word_1_441' title='bbox 2496 2909 2661 2973; x_wconf 79' lang='lat' dir='ltr'><strong>(male</strong></span> <span class='ocrx_word' id='word_1_442' title='bbox 2681 2908 2766 2960; x_wconf 67' lang='lat'><strong>26-</strong></span> 
     </span>
     <span class='ocr_line' id='line_1_84' title="bbox 1699 2982 2765 3051; baseline -0.001 -15"><span class='ocrx_word' id='word_1_443' title='bbox 1699 2984 1875 3049; x_wconf 62' lang='grc' dir='ltr'><strong><em>προσ)</em></strong></span> <span class='ocrx_word' id='word_1_444' title='bbox 1913 2984 1965 3036; x_wconf 64' lang='grc' dir='ltr'><strong>ἐν</strong></span> <span class='ocrx_word' id='word_1_445' title='bbox 1999 2987 2071 3051; x_wconf 68' lang='grc' dir='ltr'><strong>τῇ</strong></span> <span class='ocrx_word' id='word_1_446' title='bbox 2108 2983 2357 3050; x_wconf 66' lang='grc' dir='ltr'><strong>προκατίᾳ</strong></span> <span class='ocrx_word' id='word_1_447' title='bbox 2392 2984 2475 3034; x_wconf 75' lang='grc' dir='ltr'><strong>καὶ</strong></span> <span class='ocrx_word' id='word_1_448' title='bbox 2507 2982 2655 3036; x_wconf 68' lang='grc' dir='ltr'><strong><em>οὗτὸς</em></strong></span> <span class='ocrx_word' id='word_1_449' title='bbox 2693 2987 2765 3035; x_wconf 70' lang='grc' dir='ltr'><strong>ἄν.</strong></span> 
     </span>
     <span class='ocr_line' id='line_1_85' title="bbox 1699 3061 2766 3126; baseline 0 -15"><span class='ocrx_word' id='word_1_450' title='bbox 1699 3062 1960 3112; x_wconf 78' lang='lat' dir='ltr'><strong>Martialis</strong></span> <span class='ocrx_word' id='word_1_451' title='bbox 1985 3061 2077 3112; x_wconf 86' lang='lat' dir='ltr'><strong>lib.</strong></span> <span class='ocrx_word' id='word_1_452' title='bbox 2098 3075 2176 3112; x_wconf 81' lang='lat' dir='ltr'><strong>tv.</strong></span> <span class='ocrx_word' id='word_1_453' title='bbox 2190 3067 2206 3091; x_wconf 82' lang='lat'>⁸</span> <span class='ocrx_word' id='word_1_454' title='bbox 2221 3063 2561 3126; x_wconf 77' lang='lat' dir='ltr'><strong>Sigeriosque</strong></span> <span class='ocrx_word' id='word_1_455' title='bbox 2583 3076 2766 3125; x_wconf 88' lang='lat' dir='ltr'><strong>meros,</strong></span> 
     </span>
     <span class='ocr_line' id='line_1_86' title="bbox 1700 3137 2592 3203; baseline 0.001 -16"><span class='ocrx_word' id='word_1_456' title='bbox 1700 3137 2120 3203; x_wconf 81' lang='lat' dir='ltr'><strong>Partheniosque</strong></span> <span class='ocrx_word' id='word_1_457' title='bbox 2142 3139 2333 3188; x_wconf 68' lang='lat' dir='ltr'><strong>sonas!</strong></span> <span class='ocrx_word' id='word_1_458' title='bbox 2367 3140 2592 3189; x_wconf 72' lang='lat' dir='ltr'><strong>Grotius.</strong></span> 
     </span>
    </p>

    <p class='ocr_par' dir='ltr' id='par_1_11' title="bbox 1694 3215 2766 4271">
     <span class='ocr_line' id='line_1_87' title="bbox 1768 3215 2762 3279; baseline 0.001 -14"><span class='ocrx_word' id='word_1_459' title='bbox 1768 3216 1914 3279; x_wconf 69' lang='lat' dir='ltr'><strong>Apud</strong></span> <span class='ocrx_word' id='word_1_460' title='bbox 1926 3215 2171 3279; x_wconf 64' lang='lat' dir='ltr'><strong>populeas]</strong></span> <span class='ocrx_word' id='word_1_461' title='bbox 2208 3215 2451 3265; x_wconf 81' lang='lat' dir='ltr'><strong>Observa</strong></span> <span class='ocrx_word' id='word_1_462' title='bbox 2467 3215 2640 3265; x_wconf 78' lang='lat' dir='ltr'><strong>Liberi</strong></span> <span class='ocrx_word' id='word_1_463' title='bbox 2669 3216 2762 3266; x_wconf 90' lang='lat' dir='ltr'><strong>sin-</strong></span> 
     </span>
     <span class='ocr_line' id='line_1_88' title="bbox 1702 3291 2764 3354; baseline 0.001 -14"><span class='ocrx_word' id='word_1_464' title='bbox 1702 3292 1871 3353; x_wconf 73' lang='lat' dir='ltr'><strong>gulari</strong></span> <span class='ocrx_word' id='word_1_465' title='bbox 1905 3305 2123 3341; x_wconf 86' lang='lat' dir='ltr'><strong>numero</strong></span> <span class='ocrx_word' id='word_1_466' title='bbox 2157 3291 2279 3354; x_wconf 83' lang='lat' dir='ltr'><strong>dici,</strong></span> <span class='ocrx_word' id='word_1_467' title='bbox 2300 3299 2357 3341; x_wconf 90' lang='lat' dir='ltr'><strong>nt</strong></span> <span class='ocrx_word' id='word_1_468' title='bbox 2378 3300 2435 3342; x_wconf 87' lang='lat' dir='ltr'><strong>et</strong></span> <span class='ocrx_word' id='word_1_469' title='bbox 2461 3292 2516 3340; x_wconf 90' lang='lat' dir='ltr'><strong>in</strong></span> <span class='ocrx_word' id='word_1_470' title='bbox 2539 3293 2764 3343; x_wconf 86' lang='lat' dir='ltr'><strong>Victoris</strong></span> 
     </span>
     <span class='ocr_line' id='line_1_89' title="bbox 1701 3366 2766 3418; baseline 0.002 -2"><span class='ocrx_word' id='word_1_471' title='bbox 1701 3366 2001 3417; x_wconf 81' lang='lat' dir='ltr'><strong>Gordiano=</strong></span> <span class='ocrx_word' id='word_1_472' title='bbox 2037 3366 2156 3417; x_wconf 80' lang='lat' dir='ltr'><strong>vide</strong></span> <span class='ocrx_word' id='word_1_473' title='bbox 2179 3367 2365 3417; x_wconf 86' lang='lat' dir='ltr'><strong>Notas.</strong></span> <span class='ocrx_word' id='word_1_474' title='bbox 2419 3368 2590 3417; x_wconf 80' lang='lat' dir='ltr'><strong>Unam</strong></span> <span class='ocrx_word' id='word_1_475' title='bbox 2614 3369 2766 3418; x_wconf 82' lang='lat' dir='ltr'><strong>filiam</strong></span> 
     </span>
     <span class='ocr_line' id='line_1_90' title="bbox 1704 3441 2766 3493; baseline 0 -1"><span class='ocrx_word' id='word_1_476' title='bbox 1704 3443 1924 3493; x_wconf 82' lang='lat' dir='ltr'><strong>‘liberos</strong></span> <span class='ocrx_word' id='word_1_477' title='bbox 1939 3441 1953 3463; x_wconf 87' lang='lat'>’</span> <span class='ocrx_word' id='word_1_478' title='bbox 1976 3450 2130 3492; x_wconf 80' lang='lat' dir='ltr'><strong>vocat</strong></span> <span class='ocrx_word' id='word_1_479' title='bbox 2163 3455 2348 3493; x_wconf 87' lang='lat' dir='ltr'><strong>contra</strong></span> <span class='ocrx_word' id='word_1_480' title='bbox 2367 3444 2653 3493; x_wconf 82' lang='lat' dir='ltr'><strong>Terentius</strong></span> <span class='ocrx_word' id='word_1_481' title='bbox 2680 3458 2766 3492; x_wconf 84' lang='lat' dir='ltr'><strong>nu·</strong></span> 
     </span>
     <span class='ocr_line' id='line_1_91' title="bbox 1700 3518 2765 3583; baseline 0.002 -17"><span class='ocrx_word' id='word_1_482' title='bbox 1700 3531 1841 3567; x_wconf 85' lang='lat' dir='ltr'><strong>mero</strong></span> <span class='ocrx_word' id='word_1_483' title='bbox 1864 3518 2227 3580; x_wconf 72' lang='lat' dir='ltr'><strong>multitudinis,</strong></span> <span class='ocrx_word' id='word_1_484' title='bbox 2251 3519 2485 3583; x_wconf 80' lang='lat' dir='ltr'><strong>Hecyra,</strong></span> <span class='ocrx_word' id='word_1_485' title='bbox 2508 3528 2563 3568; x_wconf 87' lang='lat' dir='ltr'><strong>et</strong></span> <span class='ocrx_word' id='word_1_486' title='bbox 2585 3520 2765 3570; x_wconf 87' lang='lat' dir='ltr'><strong>Cicero</strong></span> 
     </span>
     <span class='ocr_line' id='line_1_92' title="bbox 1700 3593 2764 3661; baseline 0.004 -18"><span class='ocrx_word' id='word_1_487' title='bbox 1700 3593 1768 3643; x_wconf 88' lang='lat' dir='ltr'><strong>de</strong></span> <span class='ocrx_word' id='word_1_488' title='bbox 1810 3594 2123 3660; x_wconf 85' lang='lat' dir='ltr'><strong>Aruspicum</strong></span> <span class='ocrx_word' id='word_1_489' title='bbox 2167 3597 2472 3661; x_wconf 84' lang='lat' dir='ltr'><strong>Responsis.</strong></span> <span class='ocrx_word' id='word_1_490' title='bbox 2523 3598 2764 3648; x_wconf 64' lang='lat' dir='ltr'><strong>schottus.</strong></span> 
     </span>
     <span class='ocr_line' id='line_1_93' title="bbox 1698 3671 2766 3736; baseline 0.005 -17"><span class='ocrx_word' id='word_1_491' title='bbox 1698 3671 1861 3736; x_wconf 84' lang='lat' dir='ltr'><strong>[Vide</strong></span> <span class='ocrx_word' id='word_1_492' title='bbox 1885 3672 2062 3724; x_wconf 85' lang='lat' dir='ltr'><strong>Lectt.</strong></span> <span class='ocrx_word' id='word_1_493' title='bbox 2079 3672 2232 3735; x_wconf 73' lang='lat' dir='ltr'><strong>var-J</strong></span> <span class='ocrx_word' id='word_1_494' title='bbox 2297 3674 2449 3725; x_wconf 84' lang='lat' dir='ltr'><strong>Licet</strong></span> <span class='ocrx_word' id='word_1_495' title='bbox 2470 3688 2649 3726; x_wconf 82' lang='lat' dir='ltr'><strong>antem</strong></span> <span class='ocrx_word' id='word_1_496' title='bbox 2671 3690 2766 3725; x_wconf 80' lang='lat' dir='ltr'><strong>vox</strong></span> 
     </span>
     <span class='ocr_line' id='line_1_94' title="bbox 1698 3748 2763 3814; baseline 0.004 -16"><span class='ocrx_word' id='word_1_497' title='bbox 1698 3756 1714 3778; x_wconf 83' lang='lat'>‘</span> <span class='ocrx_word' id='word_1_498' title='bbox 1729 3756 1980 3812; x_wconf 87' lang='lat' dir='ltr'><strong>cooptare</strong></span> <span class='ocrx_word' id='word_1_499' title='bbox 2002 3748 2019 3774; x_wconf 90' lang='lat'>’</span> <span class='ocrx_word' id='word_1_500' title='bbox 2048 3752 2258 3814; x_wconf 86' lang='lat' dir='ltr'><strong>proprie</strong></span> <span class='ocrx_word' id='word_1_501' title='bbox 2282 3759 2494 3814; x_wconf 79' lang='lat' dir='ltr'><strong>spectet</strong></span> <span class='ocrx_word' id='word_1_502' title='bbox 2516 3751 2583 3800; x_wconf 85' lang='lat' dir='ltr'><strong>ad</strong></span> <span class='ocrx_word' id='word_1_503' title='bbox 2609 3754 2763 3802; x_wconf 87' lang='lat' dir='ltr'><strong>colle-</strong></span> 
     </span>
     <span class='ocr_line' id='line_1_95' title="bbox 1697 3824 2761 3892; baseline 0.002 -18"><span class='ocrx_word' id='word_1_504' title='bbox 1697 3826 1784 3889; x_wconf 66' lang='lat' dir='ltr'><strong>gis</strong></span> <span class='ocrx_word' id='word_1_505' title='bbox 1816 3824 2167 3890; x_wconf 78' lang='lat' dir='ltr'><strong>sacerdotum,</strong></span> <span class='ocrx_word' id='word_1_506' title='bbox 2188 3840 2292 3892; x_wconf 90' lang='lat' dir='ltr'><strong>qno</strong></span> <span class='ocrx_word' id='word_1_507' title='bbox 2324 3841 2477 3876; x_wconf 87' lang='lat' dir='ltr'><strong>sensu</strong></span> <span class='ocrx_word' id='word_1_508' title='bbox 2514 3828 2656 3891; x_wconf 85' lang='lat' dir='ltr'><strong>apud</strong></span> <span class='ocrx_word' id='word_1_509' title='bbox 2680 3829 2761 3878; x_wconf 88' lang='lat' dir='ltr'><strong>Ci-</strong></span> 
     </span>
     <span class='ocr_line' id='line_1_96' title="bbox 1698 3902 2759 3964; baseline 0.003 -14"><span class='ocrx_word' id='word_1_510' title='bbox 1698 3915 1964 3964; x_wconf 87' lang='lat' dir='ltr'><strong>ceronem,</strong></span> <span class='ocrx_word' id='word_1_511' title='bbox 2018 3902 2244 3964; x_wconf 82' lang='lat' dir='ltr'><strong>Livium,</strong></span> <span class='ocrx_word' id='word_1_512' title='bbox 2299 3903 2607 3953; x_wconf 84' lang='lat' dir='ltr'><strong>Suetonium</strong></span> <span class='ocrx_word' id='word_1_513' title='bbox 2660 3903 2759 3953; x_wconf 86' lang='lat' dir='ltr'><strong>fre-</strong></span> 
     </span>
     <span class='ocr_line' id='line_1_97' title="bbox 1696 3978 2760 4044; baseline 0.005 -18"><span class='ocrx_word' id='word_1_514' title='bbox 1696 3992 1860 4042; x_wconf 88' lang='lat' dir='ltr'><strong>quens</strong></span> <span class='ocrx_word' id='word_1_515' title='bbox 1885 3985 1985 4039; x_wconf 87' lang='lat' dir='ltr'><strong>est,</strong></span> <span class='ocrx_word' id='word_1_516' title='bbox 2015 3985 2188 4027; x_wconf 79' lang='lat' dir='ltr'><strong>tamen</strong></span> <span class='ocrx_word' id='word_1_517' title='bbox 2213 3992 2310 4041; x_wconf 87' lang='lat' dir='ltr'><strong>pro</strong></span> <span class='ocrx_word' id='word_1_518' title='bbox 2330 3978 2588 4044; x_wconf 84' lang='lat' dir='ltr'><strong>adoptare</strong></span> <span class='ocrx_word' id='word_1_519' title='bbox 2611 3982 2760 4031; x_wconf 81' lang='lat' dir='ltr'><strong>etism</strong></span> 
     </span>
     <span class='ocr_line' id='line_1_98' title="bbox 1695 4053 2757 4120; baseline 0.001 -18"><span class='ocrx_word' id='word_1_520' title='bbox 1695 4054 1830 4104; x_wconf 82' lang='lat' dir='ltr'><strong>dixit</strong></span> <span class='ocrx_word' id='word_1_521' title='bbox 1869 4053 2160 4118; x_wconf 84' lang='lat' dir='ltr'><strong>Appuleius</strong></span> <span class='ocrx_word' id='word_1_522' title='bbox 2200 4056 2336 4105; x_wconf 82' lang='lat' dir='ltr'><strong>Met.</strong></span> <span class='ocrx_word' id='word_1_523' title='bbox 2371 4055 2407 4104; x_wconf 87' lang='lat'><strong>1.</strong></span> <span class='ocrx_word' id='word_1_524' title='bbox 2441 4069 2527 4104; x_wconf 68' lang='grc' dir='ltr'><strong>ιν.</strong></span> <span class='ocrx_word' id='word_1_525' title='bbox 2558 4070 2617 4120; x_wconf 86' lang='lat' dir='ltr'><strong>p.</strong></span> <span class='ocrx_word' id='word_1_526' title='bbox 2648 4059 2757 4105; x_wconf 72' lang='lat'><strong>15⁴.</strong></span> 
     </span>
     <span class='ocr_line' id='line_1_99' title="bbox 1694 4129 2754 4195; baseline -0.003 -12"><span class='ocrx_word' id='word_1_527' title='bbox 1694 4131 1900 4183; x_wconf 81' lang='lat' dir='ltr'><strong>‘Quem</strong></span> <span class='ocrx_word' id='word_1_528' title='bbox 1937 4129 2113 4185; x_wconf 83' lang='lat' dir='ltr'><strong>fllium.</strong></span> <span class='ocrx_word' id='word_1_529' title='bbox 2143 4132 2408 4195; x_wconf 85' lang='lat' dir='ltr'><strong>publicum</strong></span> <span class='ocrx_word' id='word_1_530' title='bbox 2450 4134 2617 4181; x_wconf 84' lang='lat' dir='ltr'><strong>omnis</strong></span> <span class='ocrx_word' id='word_1_531' title='bbox 2661 4131 2754 4181; x_wconf 84' lang='lat' dir='ltr'><strong>sibi</strong></span> 
     </span>
     <span class='ocr_line' id='line_1_100' title="bbox 1694 4207 2750 4271; baseline -0.002 -13"><span class='ocrx_word' id='word_1_532' title='bbox 1694 4208 1879 4258; x_wconf 82' lang='lat' dir='ltr'><strong>civitas</strong></span> <span class='ocrx_word' id='word_1_533' title='bbox 1909 4208 2178 4271; x_wconf 83' lang='lat' dir='ltr'><strong>cooptavit</strong></span> <span class='ocrx_word' id='word_1_534' title='bbox 2199 4207 2235 4258; x_wconf 73' lang='grc' dir='ltr'><strong>ε’</strong></span> <span class='ocrx_word' id='word_1_535' title='bbox 2268 4215 2325 4258; x_wconf 85' lang='lat' dir='ltr'><strong>et</strong></span> <span class='ocrx_word' id='word_1_536' title='bbox 2346 4207 2415 4257; x_wconf 82' lang='lat' dir='ltr'><strong>de</strong></span> <span class='ocrx_word' id='word_1_537' title='bbox 2435 4208 2750 4259; x_wconf 79' lang='lat' dir='ltr'><strong>administra-</strong></span> 
     </span>
    </p>
   </div>
   <div class='ocr_carea' id='block_1_7' title="bbox 1692 4286 2746 4354">
    <p class='ocr_par' dir='ltr' id='par_1_12' title="bbox 1692 4286 2746 4354">
     <span class='ocr_line' id='line_1_101' title="bbox 1692 4286 2746 4354; baseline -0.003 -17"><span class='ocrx_word' id='word_1_538' title='bbox 1692 4286 1836 4339; x_wconf 89' lang='lat' dir='ltr'><strong>tione</strong></span> <span class='ocrx_word' id='word_1_539' title='bbox 1881 4287 2013 4352; x_wconf 85' lang='lat' dir='ltr'><strong>reip.</strong></span> <span class='ocrx_word' id='word_1_540' title='bbox 2058 4288 2333 4354; x_wconf 84' lang='lat' dir='ltr'><strong>usurpavit</strong></span> <span class='ocrx_word' id='word_1_541' title='bbox 2375 4288 2653 4340; x_wconf 85' lang='lat' dir='ltr'><strong>Suetonius</strong></span> <span class='ocrx_word' id='word_1_542' title='bbox 2699 4287 2746 4335; x_wconf 85' lang='lat' dir='ltr'><strong>iu</strong></span> 
     </span>
    </p>
   </div>
   <div class='ocr_carea' id='block_1_8' title="bbox 2956 2687 2964 3380">
    <p class='ocr_par' dir='ltr' id='par_1_13' title="bbox 2956 2687 2964 3380">
     <span class='ocr_line' id='line_1_102' title="bbox 2956 2687 2964 3380; baseline 0 0"><span class='ocrx_word' id='word_1_543' title='bbox 2956 2687 2964 3380; x_wconf 95' lang='lat' dir='ltr'><strong> </strong></span> 
     </span>
    </p>
   </div>
  </div>
 </body>
</html>
