<?xml version="1.0" encoding="UTF-8"?>
<!DOCTYPE html PUBLIC "-//W3C//DTD XHTML 1.0 Transitional//EN"
    "http://www.w3.org/TR/xhtml1/DTD/xhtml1-transitional.dtd">
<html xmlns="http://www.w3.org/1999/xhtml" xml:lang="en" lang="en">
 <head>
  <title>
</title>
<meta http-equiv="Content-Type" content="text/html;charset=utf-8" />
  <meta name='ocr-system' content='tesseract 3.04.00' />
  <meta name='ocr-capabilities' content='ocr_page ocr_carea ocr_par ocr_line ocrx_word'/>
</head>
<body>
  <div class='ocr_page' id='page_1' title='image "./sextiaureliivic00valpgoog_0145.png"; bbox 0 0 3025 4934; ppageno 0'>
   <div class='ocr_carea' id='block_1_1' title="bbox 525 414 2273 506">
    <p class='ocr_par' dir='ltr' id='par_1_1' title="bbox 525 414 2273 506">
     <span class='ocr_line' id='line_1_1' title="bbox 525 414 2273 506; baseline 0.001 -39"><span class='ocrx_word' id='word_1_1' title='bbox 525 414 819 506; x_wconf 48' lang='lat' dir='ltr'>AURBP.</span> <span class='ocrx_word' id='word_1_2' title='bbox 849 414 1048 466; x_wconf 82' lang='lat' dir='ltr'>vlc‘r.</span> <span class='ocrx_word' id='word_1_3' title='bbox 1083 414 1309 466; x_wconf 76' lang='lat' dir='ltr'>vinos</span> <span class='ocrx_word' id='word_1_4' title='bbox 1356 414 1709 467; x_wconf 61' lang='lat' dir='ltr'>mansur..</span> <span class='ocrx_word' id='word_1_5' title='bbox 1758 415 1923 469; x_wconf 72' lang='lat' dir='ltr'>OAP.</span> <span class='ocrx_word' id='word_1_6' title='bbox 1975 415 2273 468; x_wconf 54' lang='lat' dir='ltr'>xxxix</span> 
     </span>
    </p>
   </div>
   <div class='ocr_carea' id='block_1_2' title="bbox 314 556 1399 3923">
    <p class='ocr_par' dir='ltr' id='par_1_2' title="bbox 321 556 1384 850">
     <span class='ocr_line' id='line_1_2' title="bbox 323 556 1382 623; baseline -0.003 -14"><span class='ocrx_word' id='word_1_7' title='bbox 323 571 397 609; x_wconf 77' lang='lat' dir='ltr'>lv.</span> <span class='ocrx_word' id='word_1_8' title='bbox 414 562 468 609; x_wconf 79' lang='lat'>9.</span> <span class='ocrx_word' id='word_1_9' title='bbox 502 562 520 589; x_wconf 75' lang='lat'><strong>⁸</strong></span> <span class='ocrx_word' id='word_1_10' title='bbox 535 556 799 608; x_wconf 79' lang='lat' dir='ltr'>Asdrubal</span> <span class='ocrx_word' id='word_1_11' title='bbox 821 572 936 609; x_wconf 89' lang='lat' dir='ltr'>cum</span> <span class='ocrx_word' id='word_1_12' title='bbox 960 558 1137 622; x_wconf 86' lang='lat' dir='ltr'>paucis</span> <span class='ocrx_word' id='word_1_13' title='bbox 1161 557 1382 623; x_wconf 64' lang='lat' dir='ltr'>Lilybe-</span> 
     </span>
     <span class='ocr_line' id='line_1_3' title="bbox 321 632 1383 698; baseline -0.003 -13"><span class='ocrx_word' id='word_1_14' title='bbox 321 649 405 685; x_wconf 71' lang='lat' dir='ltr'>nin</span> <span class='ocrx_word' id='word_1_15' title='bbox 438 632 693 696; x_wconf 70' lang='lat' dir='ltr'>profugit,</span> <span class='ocrx_word' id='word_1_16' title='bbox 729 642 888 698; x_wconf 87' lang='lat' dir='ltr'>atque</span> <span class='ocrx_word' id='word_1_17' title='bbox 916 633 1099 682; x_wconf 81' lang='lat' dir='ltr'>absens</span> <span class='ocrx_word' id='word_1_18' title='bbox 1133 647 1162 682; x_wconf 84' lang='lat' dir='ltr'>a</span> <span class='ocrx_word' id='word_1_19' title='bbox 1206 633 1383 683; x_wconf 82' lang='lat' dir='ltr'>Poeuis</span> 
     </span>
     <span class='ocr_line' id='line_1_4' title="bbox 322 709 1384 774; baseline 0.002 -15"><span class='ocrx_word' id='word_1_20' title='bbox 322 711 512 774; x_wconf 78' lang='lat' dir='ltr'>capitis</span> <span class='ocrx_word' id='word_1_21' title='bbox 534 710 805 760; x_wconf 82' lang='lat' dir='ltr'>damnatus</span> <span class='ocrx_word' id='word_1_22' title='bbox 837 718 916 759; x_wconf 84' lang='lat' dir='ltr'>est</span> <span class='ocrx_word' id='word_1_23' title='bbox 935 709 969 758; x_wconf 71' lang='grc' dir='ltr'>ε’</span> <span class='ocrx_word' id='word_1_24' title='bbox 996 718 1054 760; x_wconf 89' lang='lat' dir='ltr'>et</span> <span class='ocrx_word' id='word_1_25' title='bbox 1075 710 1267 761; x_wconf 87' lang='lat' dir='ltr'>Justin.</span> <span class='ocrx_word' id='word_1_26' title='bbox 1292 710 1384 761; x_wconf 89' lang='lat' dir='ltr'>lib.</span> 
     </span>
     <span class='ocr_line' id='line_1_5' title="bbox 323 786 898 850; baseline 0 -13"><span class='ocrx_word' id='word_1_27' title='bbox 323 798 489 837; x_wconf 80' lang='lat' dir='ltr'>xviu.</span> <span class='ocrx_word' id='word_1_28' title='bbox 512 789 566 835; x_wconf 80' lang='grc'><strong>7.</strong></span> <span class='ocrx_word' id='word_1_29' title='bbox 591 788 620 850; x_wconf 77' lang='lat'>§</span> <span class='ocrx_word' id='word_1_30' title='bbox 641 791 692 836; x_wconf 90' lang='grc'><strong>2.</strong></span> <span class='ocrx_word' id='word_1_31' title='bbox 725 786 898 837; x_wconf 71' lang='lat' dir='ltr'>Arm.</span> 
     </span>
    </p>

    <p class='ocr_par' dir='ltr' id='par_1_3' title="bbox 314 861 1397 3367">
     <span class='ocr_line' id='line_1_6' title="bbox 382 861 1386 927; baseline 0 -14"><span class='ocrx_word' id='word_1_32' title='bbox 382 863 411 927; x_wconf 62' lang='grc' dir='ltr'><strong>ς</strong></span> <span class='ocrx_word' id='word_1_33' title='bbox 443 867 501 924; x_wconf 64' lang='grc'>4,</span> <span class='ocrx_word' id='word_1_34' title='bbox 515 861 844 925; x_wconf 72' lang='lat' dir='ltr'>Proelacente]</span> <span class='ocrx_word' id='word_1_35' title='bbox 891 862 1081 914; x_wconf 87' lang='lat' dir='ltr'>Cicero</span> <span class='ocrx_word' id='word_1_36' title='bbox 1116 862 1234 913; x_wconf 86' lang='lat' dir='ltr'>Cat.</span> <span class='ocrx_word' id='word_1_37' title='bbox 1270 861 1386 913; x_wconf 82' lang='lat' dir='ltr'>Ma·</span> 
     </span>
     <span class='ocr_line' id='line_1_7' title="bbox 314 937 1386 1004; baseline -0.001 -14"><span class='ocrx_word' id='word_1_38' title='bbox 314 937 454 1002; x_wconf 76' lang='lat' dir='ltr'>jore:</span> <span class='ocrx_word' id='word_1_39' title='bbox 495 940 516 969; x_wconf 88' lang='lat'>‘</span> <span class='ocrx_word' id='word_1_40' title='bbox 538 940 600 991; x_wconf 95' lang='lat' dir='ltr'>C.</span> <span class='ocrx_word' id='word_1_41' title='bbox 623 940 856 989; x_wconf 89' lang='lat' dir='ltr'>Duilium</span> <span class='ocrx_word' id='word_1_42' title='bbox 883 939 962 991; x_wconf 78' lang='lat' dir='ltr'>M.</span> <span class='ocrx_word' id='word_1_43' title='bbox 984 940 1044 990; x_wconf 78' lang='lat' dir='ltr'>F.</span> <span class='ocrx_word' id='word_1_44' title='bbox 1067 939 1158 1004; x_wconf 87' lang='lat' dir='ltr'>qui</span> <span class='ocrx_word' id='word_1_45' title='bbox 1194 939 1386 990; x_wconf 87' lang='lat' dir='ltr'>Poenos</span> 
     </span>
     <span class='ocr_line' id='line_1_8' title="bbox 318 1009 1385 1081; baseline 0 -16"><span class='ocrx_word' id='word_1_46' title='bbox 318 1017 486 1066; x_wconf 80' lang='lat' dir='ltr'>classe</span> <span class='ocrx_word' id='word_1_47' title='bbox 524 1009 721 1081; x_wconf 84' lang='lat' dir='ltr'>primus</span> <span class='ocrx_word' id='word_1_48' title='bbox 758 1016 1048 1073; x_wconf 82' lang='lat' dir='ltr'>devicerat,</span> <span class='ocrx_word' id='word_1_49' title='bbox 1080 1014 1385 1066; x_wconf 87' lang='lat' dir='ltr'>redeuutem</span> 
     </span>
     <span class='ocr_line' id='line_1_9' title="bbox 317 1091 1385 1160; baseline 0.001 -19"><span class='ocrx_word' id='word_1_50' title='bbox 317 1106 348 1141; x_wconf 89' lang='lat' dir='ltr'>a</span> <span class='ocrx_word' id='word_1_51' title='bbox 366 1107 521 1143; x_wconf 85' lang='lat' dir='ltr'>coena</span> <span class='ocrx_word' id='word_1_52' title='bbox 543 1108 685 1160; x_wconf 84' lang='lat' dir='ltr'>saepe</span> <span class='ocrx_word' id='word_1_53' title='bbox 706 1092 947 1143; x_wconf 76' lang='lat' dir='ltr'>videbam</span> <span class='ocrx_word' id='word_1_54' title='bbox 972 1105 1134 1156; x_wconf 81' lang='lat' dir='ltr'>puer:</span> <span class='ocrx_word' id='word_1_55' title='bbox 1156 1091 1385 1142; x_wconf 84' lang='lat' dir='ltr'>delecta-</span> 
     </span>
     <span class='ocr_line' id='line_1_10' title="bbox 319 1168 1384 1233; baseline -0.001 -14"><span class='ocrx_word' id='word_1_56' title='bbox 319 1168 474 1219; x_wconf 81' lang='lat' dir='ltr'>batur</span> <span class='ocrx_word' id='word_1_57' title='bbox 494 1170 687 1219; x_wconf 87' lang='lat' dir='ltr'>crebro</span> <span class='ocrx_word' id='word_1_58' title='bbox 716 1168 880 1220; x_wconf 84' lang='lat' dir='ltr'>funali</span> <span class='ocrx_word' id='word_1_59' title='bbox 913 1177 969 1219; x_wconf 90' lang='lat' dir='ltr'>et</span> <span class='ocrx_word' id='word_1_60' title='bbox 1000 1168 1234 1226; x_wconf 73' lang='lat' dir='ltr'>tibicine,</span> <span class='ocrx_word' id='word_1_61' title='bbox 1269 1182 1384 1233; x_wconf 70' lang='lat' dir='ltr'>qum</span> 
     </span>
     <span class='ocr_line' id='line_1_11' title="bbox 319 1245 1386 1310; baseline -0.002 -14"><span class='ocrx_word' id='word_1_62' title='bbox 319 1245 416 1296; x_wconf 85' lang='lat' dir='ltr'>sibi</span> <span class='ocrx_word' id='word_1_63' title='bbox 459 1247 607 1296; x_wconf 89' lang='lat' dir='ltr'>nullo</span> <span class='ocrx_word' id='word_1_64' title='bbox 649 1247 893 1310; x_wconf 80' lang='lat' dir='ltr'>exemplo</span> <span class='ocrx_word' id='word_1_65' title='bbox 932 1245 1171 1310; x_wconf 83' lang='lat' dir='ltr'>privatus</span> <span class='ocrx_word' id='word_1_66' title='bbox 1212 1259 1386 1309; x_wconf 82' lang='lat' dir='ltr'>sump-</span> 
     </span>
     <span class='ocr_line' id='line_1_12' title="bbox 319 1320 1386 1386; baseline 0 -16"><span class='ocrx_word' id='word_1_67' title='bbox 319 1328 460 1371; x_wconf 86' lang='lat' dir='ltr'>serat</span> <span class='ocrx_word' id='word_1_68' title='bbox 478 1320 518 1372; x_wconf 71' lang='grc' dir='ltr'>ε’</span> <span class='ocrx_word' id='word_1_69' title='bbox 557 1323 633 1371; x_wconf 88' lang='lat' dir='ltr'>sic</span> <span class='ocrx_word' id='word_1_70' title='bbox 671 1322 807 1371; x_wconf 89' lang='lat' dir='ltr'>enim</span> <span class='ocrx_word' id='word_1_71' title='bbox 849 1321 1042 1376; x_wconf 87' lang='lat' dir='ltr'>rectius</span> <span class='ocrx_word' id='word_1_72' title='bbox 1088 1321 1193 1385; x_wconf 77' lang='lat' dir='ltr'>legi</span> <span class='ocrx_word' id='word_1_73' title='bbox 1234 1335 1386 1386; x_wconf 81' lang='lat' dir='ltr'>qaam</span> 
     </span>
     <span class='ocr_line' id='line_1_13' title="bbox 315 1396 1385 1463; baseline -0.001 -16"><span class='ocrx_word' id='word_1_74' title='bbox 315 1411 445 1447; x_wconf 62' lang='grc' dir='ltr'>«σεο</span> <span class='ocrx_word' id='word_1_75' title='bbox 455 1397 644 1459; x_wconf 76' lang='lat' dir='ltr'>funali,</span> <span class='ocrx_word' id='word_1_76' title='bbox 664 1396 806 1463; x_wconf 85' lang='lat' dir='ltr'>quod</span> <span class='ocrx_word' id='word_1_77' title='bbox 828 1411 896 1447; x_wconf 83' lang='lat' dir='ltr'>ex</span> <span class='ocrx_word' id='word_1_78' title='bbox 920 1397 1040 1446; x_wconf 84' lang='lat' dir='ltr'>val.</span> <span class='ocrx_word' id='word_1_79' title='bbox 1059 1398 1206 1447; x_wconf 80' lang='lat' dir='ltr'>Max.</span> <span class='ocrx_word' id='word_1_80' title='bbox 1225 1410 1313 1447; x_wconf 85' lang='grc' dir='ltr'><strong>ιιι.</strong></span> <span class='ocrx_word' id='word_1_81' title='bbox 1333 1400 1385 1446; x_wconf 83' lang='grc'><strong>0.</strong></span> 
     </span>
     <span class='ocr_line' id='line_1_14' title="bbox 318 1473 1387 1538; baseline 0 -14"><span class='ocrx_word' id='word_1_82' title='bbox 318 1475 531 1538; x_wconf 73' lang='lat' dir='ltr'>quidam</span> <span class='ocrx_word' id='word_1_83' title='bbox 547 1482 907 1538; x_wconf 83' lang='lat' dir='ltr'>reposuerant,</span> <span class='ocrx_word' id='word_1_84' title='bbox 926 1473 1141 1524; x_wconf 90' lang='lat' dir='ltr'>Ca&#39;rolus</span> <span class='ocrx_word' id='word_1_85' title='bbox 1156 1474 1387 1538; x_wconf 78' lang='lat' dir='ltr'>Langius</span> 
     </span>
     <span class='ocr_line' id='line_1_15' title="bbox 316 1546 1387 1616; baseline -0.001 -14"><span class='ocrx_word' id='word_1_86' title='bbox 316 1551 518 1613; x_wconf 78' lang='lat' dir='ltr'>docuit,</span> <span class='ocrx_word' id='word_1_87' title='bbox 551 1553 632 1601; x_wconf 81' lang='lat' dir='ltr'>vir</span> <span class='ocrx_word' id='word_1_88' title='bbox 659 1552 705 1601; x_wconf 91' lang='lat' dir='ltr'>si</span> <span class='ocrx_word' id='word_1_89' title='bbox 736 1551 824 1616; x_wconf 87' lang='lat' dir='ltr'>qui</span> <span class='ocrx_word' id='word_1_90' title='bbox 861 1552 1008 1614; x_wconf 86' lang='lat' dir='ltr'>alius,</span> <span class='ocrx_word' id='word_1_91' title='bbox 1048 1546 1387 1602; x_wconf 73' lang='lat' dir='ltr'>emendandis</span> 
     </span>
     <span class='ocr_line' id='line_1_16' title="bbox 318 1630 1389 1694; baseline 0 -14"><span class='ocrx_word' id='word_1_92' title='bbox 318 1630 620 1680; x_wconf 85' lang='lat' dir='ltr'>auctoribus</span> <span class='ocrx_word' id='word_1_93' title='bbox 672 1639 843 1686; x_wconf 85' lang='lat' dir='ltr'>natus,</span> <span class='ocrx_word' id='word_1_94' title='bbox 897 1644 1067 1694; x_wconf 90' lang='lat' dir='ltr'>nuper</span> <span class='ocrx_word' id='word_1_95' title='bbox 1116 1630 1389 1680; x_wconf 85' lang='lat' dir='ltr'>immatura</span> 
     </span>
     <span class='ocr_line' id='line_1_17' title="bbox 315 1708 1388 1772; baseline 0.001 -16"><span class='ocrx_word' id='word_1_96' title='bbox 315 1713 488 1756; x_wconf 77' lang='lat' dir='ltr'>morte</span> <span class='ocrx_word' id='word_1_97' title='bbox 531 1712 826 1772; x_wconf 83' lang='lat' dir='ltr'>praereptus</span> <span class='ocrx_word' id='word_1_98' title='bbox 850 1723 866 1755; x_wconf 71' lang='grc' dir='ltr'><em>ε</em></span> <span class='ocrx_word' id='word_1_99' title='bbox 918 1722 1198 1772; x_wconf 86' lang='lat' dir='ltr'>numquam</span> <span class='ocrx_word' id='word_1_100' title='bbox 1248 1708 1388 1757; x_wconf 88' lang='lat' dir='ltr'>enim</span> 
     </span>
     <span class='ocr_line' id='line_1_18' title="bbox 317 1783 1390 1848; baseline 0.004 -16"><span class='ocrx_word' id='word_1_101' title='bbox 317 1794 527 1832; x_wconf 87' lang='lat' dir='ltr'>matura</span> <span class='ocrx_word' id='word_1_102' title='bbox 550 1798 686 1833; x_wconf 87' lang='lat' dir='ltr'>mors</span> <span class='ocrx_word' id='word_1_103' title='bbox 704 1797 877 1833; x_wconf 85' lang='lat' dir='ltr'>eorum</span> <span class='ocrx_word' id='word_1_104' title='bbox 897 1784 986 1848; x_wconf 88' lang='lat' dir='ltr'>qui</span> <span class='ocrx_word' id='word_1_105' title='bbox 1002 1784 1136 1834; x_wconf 86' lang='lat' dir='ltr'>bene</span> <span class='ocrx_word' id='word_1_106' title='bbox 1158 1783 1224 1833; x_wconf 86' lang='lat' dir='ltr'>de</span> <span class='ocrx_word' id='word_1_107' title='bbox 1242 1784 1306 1833; x_wconf 83' lang='lat' dir='ltr'>R.</span> <span class='ocrx_word' id='word_1_108' title='bbox 1321 1785 1390 1836; x_wconf 87' lang='lat' dir='ltr'>P.</span> 
     </span>
     <span class='ocr_line' id='line_1_19' title="bbox 318 1859 1388 1912; baseline 0.001 -3"><span class='ocrx_word' id='word_1_109' title='bbox 318 1860 507 1909; x_wconf 86' lang='lat' dir='ltr'>mereri</span> <span class='ocrx_word' id='word_1_110' title='bbox 531 1859 769 1911; x_wconf 80' lang='lat' dir='ltr'>student.</span> <span class='ocrx_word' id='word_1_111' title='bbox 836 1859 984 1909; x_wconf 84' lang='lat' dir='ltr'>Idem</span> <span class='ocrx_word' id='word_1_112' title='bbox 1020 1868 1196 1911; x_wconf 86' lang='lat' dir='ltr'>autem</span> <span class='ocrx_word' id='word_1_113' title='bbox 1225 1860 1388 1912; x_wconf 81' lang='lat' dir='ltr'>refert</span> 
     </span>
     <span class='ocr_line' id='line_1_20' title="bbox 316 1935 1388 1988; baseline 0 -1"><span class='ocrx_word' id='word_1_114' title='bbox 316 1938 388 1987; x_wconf 88' lang='lat' dir='ltr'>de</span> <span class='ocrx_word' id='word_1_115' title='bbox 428 1938 613 1987; x_wconf 77' lang='lat' dir='ltr'><strong>Duilio</strong></span> <span class='ocrx_word' id='word_1_116' title='bbox 645 1938 706 1987; x_wconf 89' lang='lat' dir='ltr'>L.</span> <span class='ocrx_word' id='word_1_117' title='bbox 741 1935 881 1988; x_wconf 77' lang='lat' dir='ltr'>Aun.</span> <span class='ocrx_word' id='word_1_118' title='bbox 924 1937 1107 1987; x_wconf 85' lang='lat' dir='ltr'>Florus</span> <span class='ocrx_word' id='word_1_119' title='bbox 1142 1936 1388 1988; x_wconf 66' lang='lat' dir='ltr'>Historia?</span> 
     </span>
     <span class='ocr_line' id='line_1_21' title="bbox 320 2013 1389 2078; baseline 0 -15"><span class='ocrx_word' id='word_1_120' title='bbox 320 2013 575 2065; x_wconf 62' lang='grc' dir='ltr'><strong>Βοωιιιιω</strong></span> <span class='ocrx_word' id='word_1_121' title='bbox 610 2014 702 2065; x_wconf 90' lang='lat' dir='ltr'>lib.</span> <span class='ocrx_word' id='word_1_122' title='bbox 736 2027 801 2065; x_wconf 94' lang='grc' dir='ltr'>ιι.</span> <span class='ocrx_word' id='word_1_123' title='bbox 842 2021 899 2064; x_wconf 89' lang='lat' dir='ltr'>et</span> <span class='ocrx_word' id='word_1_124' title='bbox 930 2014 1291 2078; x_wconf 86' lang='lat' dir='ltr'>Epitomarum</span> <span class='ocrx_word' id='word_1_125' title='bbox 1326 2014 1389 2063; x_wconf 90' lang='grc' dir='ltr'>Τ.</span> 
     </span>
     <span class='ocr_line' id='line_1_22' title="bbox 318 2090 1391 2154; baseline -0.002 -14"><span class='ocrx_word' id='word_1_126' title='bbox 318 2090 456 2140; x_wconf 77' lang='lat' dir='ltr'>Livii</span> <span class='ocrx_word' id='word_1_127' title='bbox 501 2100 690 2140; x_wconf 84' lang='lat' dir='ltr'>auctor</span> <span class='ocrx_word' id='word_1_128' title='bbox 727 2091 817 2140; x_wconf 86' lang='lat' dir='ltr'>lib.</span> <span class='ocrx_word' id='word_1_129' title='bbox 855 2102 1000 2139; x_wconf 75' lang='lat' dir='ltr'>xvir.</span> <span class='ocrx_word' id='word_1_130' title='bbox 1037 2090 1246 2154; x_wconf 85' lang='lat' dir='ltr'>aliique.</span> <span class='ocrx_word' id='word_1_131' title='bbox 1280 2090 1391 2139; x_wconf 86' lang='lat' dir='ltr'>Pli-</span> 
     </span>
     <span class='ocr_line' id='line_1_23' title="bbox 318 2165 1392 2230; baseline 0.001 -15"><span class='ocrx_word' id='word_1_132' title='bbox 318 2168 437 2216; x_wconf 87' lang='lat' dir='ltr'>nius</span> <span class='ocrx_word' id='word_1_133' title='bbox 485 2179 654 2216; x_wconf 80' lang='lat' dir='ltr'>xxxr.</span> <span class='ocrx_word' id='word_1_134' title='bbox 700 2169 750 2216; x_wconf 85' lang='lat'>1.</span> <span class='ocrx_word' id='word_1_135' title='bbox 803 2166 991 2217; x_wconf 74' lang='lat' dir='ltr'>Schott.</span> <span class='ocrx_word' id='word_1_136' title='bbox 1075 2165 1392 2230; x_wconf 85' lang='lat' dir='ltr'>Hujusmodi</span> 
     </span>
     <span class='ocr_line' id='line_1_24' title="bbox 321 2242 1390 2294; baseline 0 -1"><span class='ocrx_word' id='word_1_137' title='bbox 321 2242 680 2294; x_wconf 80' lang='lat' dir='ltr'>aberrationes</span> <span class='ocrx_word' id='word_1_138' title='bbox 702 2257 805 2293; x_wconf 90' lang='lat' dir='ltr'>non</span> <span class='ocrx_word' id='word_1_139' title='bbox 836 2243 1079 2293; x_wconf 76' lang='lat' dir='ltr'>indecore</span> <span class='ocrx_word' id='word_1_140' title='bbox 1108 2243 1187 2293; x_wconf 87' lang='lat' dir='ltr'>eis</span> <span class='ocrx_word' id='word_1_141' title='bbox 1221 2243 1390 2293; x_wconf 88' lang='lat' dir='ltr'>indul·</span> 
     </span>
     <span class='ocr_line' id='line_1_25' title="bbox 323 2318 1391 2384; baseline 0.002 -16"><span class='ocrx_word' id='word_1_142' title='bbox 323 2319 458 2383; x_wconf 69' lang='lat' dir='ltr'>geri,</span> <span class='ocrx_word' id='word_1_143' title='bbox 480 2321 569 2384; x_wconf 88' lang='lat' dir='ltr'>qni</span> <span class='ocrx_word' id='word_1_144' title='bbox 594 2318 896 2383; x_wconf 71' lang='lat' dir='ltr'>reipublicae</span> <span class='ocrx_word' id='word_1_145' title='bbox 925 2319 1059 2368; x_wconf 86' lang='lat' dir='ltr'>band</span> <span class='ocrx_word' id='word_1_146' title='bbox 1087 2320 1391 2370; x_wconf 70' lang='lat' dir='ltr'>tralaticium</span> 
     </span>
     <span class='ocr_line' id='line_1_26' title="bbox 321 2395 1392 2458; baseline 0.003 -15"><span class='ocrx_word' id='word_1_147' title='bbox 321 2403 586 2448; x_wconf 62' lang='lat' dir='ltr'>natarunt</span> <span class='ocrx_word' id='word_1_148' title='bbox 606 2409 836 2458; x_wconf 87' lang='lat' dir='ltr'>operam,</span> <span class='ocrx_word' id='word_1_149' title='bbox 867 2395 1072 2445; x_wconf 87' lang='lat' dir='ltr'>abunde</span> <span class='ocrx_word' id='word_1_150' title='bbox 1095 2396 1302 2446; x_wconf 86' lang='lat' dir='ltr'>ostendi</span> <span class='ocrx_word' id='word_1_151' title='bbox 1324 2395 1392 2446; x_wconf 89' lang='lat' dir='ltr'>ad</span> 
     </span>
     <span class='ocr_line' id='line_1_27' title="bbox 321 2471 1393 2535; baseline -0.001 -13"><span class='ocrx_word' id='word_1_152' title='bbox 321 2471 494 2522; x_wconf 77' lang='lat' dir='ltr'>Asinii</span> <span class='ocrx_word' id='word_1_153' title='bbox 533 2471 698 2521; x_wconf 86' lang='lat' dir='ltr'>verba</span> <span class='ocrx_word' id='word_1_154' title='bbox 735 2472 875 2535; x_wconf 85' lang='lat' dir='ltr'>apud</span> <span class='ocrx_word' id='word_1_155' title='bbox 912 2473 1081 2523; x_wconf 86' lang='lat' dir='ltr'>Tacit.</span> <span class='ocrx_word' id='word_1_156' title='bbox 1121 2472 1310 2522; x_wconf 84' lang='lat' dir='ltr'>Annal.</span> <span class='ocrx_word' id='word_1_157' title='bbox 1331 2486 1393 2523; x_wconf 85' lang='grc' dir='ltr'>ιι.</span> 
     </span>
     <span class='ocr_line' id='line_1_28' title="bbox 324 2548 1393 2617; baseline 0.002 -20"><span class='ocrx_word' id='word_1_158' title='bbox 324 2550 408 2597; x_wconf 88' lang='grc'>88.</span> <span class='ocrx_word' id='word_1_159' title='bbox 439 2554 456 2577; x_wconf 86' lang='lat'>‘</span> <span class='ocrx_word' id='word_1_160' title='bbox 482 2548 774 2617; x_wconf 82' lang='lat' dir='ltr'>Distinctos</span> <span class='ocrx_word' id='word_1_161' title='bbox 818 2558 1029 2599; x_wconf 88' lang='lat' dir='ltr'>senatus</span> <span class='ocrx_word' id='word_1_162' title='bbox 1067 2556 1123 2599; x_wconf 91' lang='lat' dir='ltr'>et</span> <span class='ocrx_word' id='word_1_163' title='bbox 1162 2550 1393 2615; x_wconf 88' lang='lat' dir='ltr'>equitnm</span> 
     </span>
     <span class='ocr_line' id='line_1_29' title="bbox 326 2627 1395 2692; baseline 0 -15"><span class='ocrx_word' id='word_1_164' title='bbox 326 2640 514 2677; x_wconf 82' lang='lat' dir='ltr'>census</span> <span class='ocrx_word' id='word_1_165' title='bbox 537 2641 556 2687; x_wconf 71' lang='grc' dir='ltr'>ς</span> <span class='ocrx_word' id='word_1_166' title='bbox 588 2641 692 2676; x_wconf 92' lang='lat' dir='ltr'>non</span> <span class='ocrx_word' id='word_1_167' title='bbox 713 2627 837 2692; x_wconf 87' lang='lat' dir='ltr'>quia</span> <span class='ocrx_word' id='word_1_168' title='bbox 855 2627 1047 2677; x_wconf 80' lang='lat' dir='ltr'>diversi</span> <span class='ocrx_word' id='word_1_169' title='bbox 1071 2636 1277 2689; x_wconf 84' lang='lat' dir='ltr'>ustura,</span> <span class='ocrx_word' id='word_1_170' title='bbox 1300 2627 1395 2678; x_wconf 91' lang='lat' dir='ltr'>sed</span> 
     </span>
     <span class='ocr_line' id='line_1_30' title="bbox 327 2704 1394 2768; baseline 0.001 -14"><span class='ocrx_word' id='word_1_171' title='bbox 327 2711 387 2754; x_wconf 86' lang='lat' dir='ltr'>nt</span> <span class='ocrx_word' id='word_1_172' title='bbox 404 2705 555 2768; x_wconf 87' lang='lat' dir='ltr'>locis,</span> <span class='ocrx_word' id='word_1_173' title='bbox 574 2704 865 2768; x_wconf 77' lang='lat' dir='ltr'>ordinibus,</span> <span class='ocrx_word' id='word_1_174' title='bbox 886 2705 1280 2767; x_wconf 69' lang='lat' dir='ltr'>dignationibus</span> <span class='ocrx_word' id='word_1_175' title='bbox 1302 2720 1394 2756; x_wconf 85' lang='lat' dir='ltr'>an-</span> 
     </span>
     <span class='ocr_line' id='line_1_31' title="bbox 328 2781 1396 2847; baseline 0.003 -17"><span class='ocrx_word' id='word_1_176' title='bbox 328 2782 539 2838; x_wconf 87' lang='lat' dir='ltr'>tistent‚</span> <span class='ocrx_word' id='word_1_177' title='bbox 560 2781 787 2845; x_wconf 86' lang='lat' dir='ltr'>taliaque</span> <span class='ocrx_word' id='word_1_178' title='bbox 831 2782 900 2832; x_wconf 87' lang='lat' dir='ltr'>ad</span> <span class='ocrx_word' id='word_1_179' title='bbox 938 2782 1172 2847; x_wconf 78' lang='lat' dir='ltr'>requiem</span> <span class='ocrx_word' id='word_1_180' title='bbox 1216 2783 1396 2839; x_wconf 83' lang='lat' dir='ltr'>animi,</span> 
     </span>
     <span class='ocr_line' id='line_1_32' title="bbox 326 2856 1397 2922; baseline 0.004 -18"><span class='ocrx_word' id='word_1_181' title='bbox 326 2863 417 2906; x_wconf 88' lang='lat' dir='ltr'>aut</span> <span class='ocrx_word' id='word_1_182' title='bbox 440 2856 799 2907; x_wconf 80' lang='lat' dir='ltr'>salubritatem</span> <span class='ocrx_word' id='word_1_183' title='bbox 831 2871 1105 2922; x_wconf 77' lang='lat' dir='ltr'>corporum</span> <span class='ocrx_word' id='word_1_184' title='bbox 1131 2867 1397 2922; x_wconf 83' lang='lat' dir='ltr'>parentur,</span> 
     </span>
     <span class='ocr_line' id='line_1_33' title="bbox 328 2931 1396 2999; baseline 0.004 -19"><span class='ocrx_word' id='word_1_185' title='bbox 328 2932 429 2982; x_wconf 89' lang='lat' dir='ltr'>nisi</span> <span class='ocrx_word' id='word_1_186' title='bbox 470 2931 612 2983; x_wconf 81' lang='lat' dir='ltr'>forte</span> <span class='ocrx_word' id='word_1_187' title='bbox 656 2931 942 2983; x_wconf 84' lang='lat' dir='ltr'>clarissimo</span> <span class='ocrx_word' id='word_1_188' title='bbox 983 2934 1170 2999; x_wconf 85' lang='lat' dir='ltr'>cuique</span> <span class='ocrx_word' id='word_1_189' title='bbox 1221 2936 1396 2998; x_wconf 83' lang='lat' dir='ltr'>plures</span> 
     </span>
     <span class='ocr_line' id='line_1_34' title="bbox 326 3009 1394 3074; baseline 0.003 -16"><span class='ocrx_word' id='word_1_190' title='bbox 326 3023 500 3071; x_wconf 88' lang='lat' dir='ltr'>curas,</span> <span class='ocrx_word' id='word_1_191' title='bbox 556 3009 756 3074; x_wconf 87' lang='lat' dir='ltr'>majora</span> <span class='ocrx_word' id='word_1_192' title='bbox 807 3010 1045 3073; x_wconf 88' lang='lat' dir='ltr'>pericula</span> <span class='ocrx_word' id='word_1_193' title='bbox 1089 3010 1394 3072; x_wconf 86' lang='lat' dir='ltr'>subeunda;</span> 
     </span>
     <span class='ocr_line' id='line_1_35' title="bbox 328 3085 1395 3152; baseline 0.003 -18"><span class='ocrx_word' id='word_1_194' title='bbox 328 3085 679 3136; x_wconf 78' lang='lat' dir='ltr'>delinimentis</span> <span class='ocrx_word' id='word_1_195' title='bbox 699 3100 941 3137; x_wconf 87' lang='lat' dir='ltr'>curarum</span> <span class='ocrx_word' id='word_1_196' title='bbox 964 3096 1021 3138; x_wconf 90' lang='lat' dir='ltr'>et</span> <span class='ocrx_word' id='word_1_197' title='bbox 1047 3087 1395 3152; x_wconf 81' lang='lat' dir='ltr'>periculorum</span> 
     </span>
     <span class='ocr_line' id='line_1_36' title="bbox 330 3163 1395 3216; baseline 0.001 -3"><span class='ocrx_word' id='word_1_198' title='bbox 330 3163 617 3214; x_wconf 85' lang='lat' dir='ltr'>eareudnm</span> <span class='ocrx_word' id='word_1_199' title='bbox 657 3169 807 3215; x_wconf 85' lang='lat' dir='ltr'>esse.’</span> <span class='ocrx_word' id='word_1_200' title='bbox 844 3164 994 3215; x_wconf 66' lang='lat' dir='ltr'>Grae.</span> <span class='ocrx_word' id='word_1_201' title='bbox 1062 3165 1289 3216; x_wconf 83' lang='lat' dir='ltr'>Casaub.</span> <span class='ocrx_word' id='word_1_202' title='bbox 1328 3165 1395 3214; x_wconf 89' lang='lat' dir='ltr'>ad</span> 
     </span>
     <span class='ocr_line' id='line_1_37' title="bbox 328 3238 1396 3305; baseline 0.004 -17"><span class='ocrx_word' id='word_1_203' title='bbox 328 3238 550 3291; x_wconf 78' lang='lat' dir='ltr'>Sueton.</span> <span class='ocrx_word' id='word_1_204' title='bbox 591 3241 729 3291; x_wconf 80' lang='lat' dir='ltr'>Caes.</span> <span class='ocrx_word' id='word_1_205' title='bbox 767 3255 886 3305; x_wconf 86' lang='lat' dir='ltr'>cap.</span> <span class='ocrx_word' id='word_1_206' title='bbox 925 3244 1009 3291; x_wconf 86' lang='grc'>87.</span> <span class='ocrx_word' id='word_1_207' title='bbox 1052 3249 1110 3293; x_wconf 92' lang='lat' dir='ltr'>et</span> <span class='ocrx_word' id='word_1_208' title='bbox 1150 3241 1396 3292; x_wconf 83' lang='lat' dir='ltr'>Bartbius</span> 
     </span>
     <span class='ocr_line' id='line_1_38' title="bbox 330 3314 989 3367; baseline 0 -2"><span class='ocrx_word' id='word_1_209' title='bbox 330 3314 474 3365; x_wconf 74' lang='lat' dir='ltr'>Adv.</span> <span class='ocrx_word' id='word_1_210' title='bbox 500 3327 708 3367; x_wconf 75' lang='lat' dir='ltr'>xxxiv.</span> <span class='ocrx_word' id='word_1_211' title='bbox 727 3319 778 3366; x_wconf 78' lang='lat'>9.</span> <span class='ocrx_word' id='word_1_212' title='bbox 812 3317 989 3367; x_wconf 66' lang='lat' dir='ltr'>Arata.</span> 
     </span>
    </p>

    <p class='ocr_par' dir='ltr' id='par_1_4' title="bbox 331 3390 1395 3520">
     <span class='ocr_line' id='line_1_39' title="bbox 396 3390 1395 3454; baseline 0.002 -13"><span class='ocrx_word' id='word_1_213' title='bbox 396 3392 602 3454; x_wconf 66' lang='lat' dir='ltr'>Fannii]</span> <span class='ocrx_word' id='word_1_214' title='bbox 635 3392 684 3442; x_wconf 92' lang='lat'>1.</span> <span class='ocrx_word' id='word_1_215' title='bbox 701 3408 750 3442; x_wconf 91' lang='lat' dir='ltr'>e.</span> <span class='ocrx_word' id='word_1_216' title='bbox 779 3406 936 3443; x_wconf 89' lang='lat' dir='ltr'>cereo</span> <span class='ocrx_word' id='word_1_217' title='bbox 969 3407 1000 3443; x_wconf 87' lang='lat' dir='ltr'>e</span> <span class='ocrx_word' id='word_1_218' title='bbox 1026 3390 1234 3443; x_wconf 84' lang='lat' dir='ltr'>funibus</span> <span class='ocrx_word' id='word_1_219' title='bbox 1271 3407 1395 3444; x_wconf 88' lang='lat' dir='ltr'>con·</span> 
     </span>
     <span class='ocr_line' id='line_1_40' title="bbox 331 3469 704 3520; baseline -0.005 -2"><span class='ocrx_word' id='word_1_220' title='bbox 331 3474 502 3520; x_wconf 69' lang='lat' dir='ltr'>texto.</span> <span class='ocrx_word' id='word_1_221' title='bbox 536 3469 704 3519; x_wconf 70' lang='lat' dir='ltr'>Mucii.</span> 
     </span>
    </p>

    <p class='ocr_par' dir='ltr' id='par_1_5' title="bbox 331 3544 1397 3685">
     <span class='ocr_line' id='line_1_41' title="bbox 397 3544 1397 3610; baseline 0.002 -16"><span class='ocrx_word' id='word_1_222' title='bbox 397 3544 624 3610; x_wconf 74' lang='lat' dir='ltr'>Publice]</span> <span class='ocrx_word' id='word_1_223' title='bbox 657 3544 862 3595; x_wconf 76' lang='lat' dir='ltr'>Publica</span> <span class='ocrx_word' id='word_1_224' title='bbox 883 3544 1004 3595; x_wconf 89' lang='lat' dir='ltr'>libri</span> <span class='ocrx_word' id='word_1_225' title='bbox 1027 3545 1240 3598; x_wconf 84' lang='lat' dir='ltr'>vetusti.</span> <span class='ocrx_word' id='word_1_226' title='bbox 1273 3546 1397 3596; x_wconf 86' lang='lat' dir='ltr'>Non</span> 
     </span>
     <span class='ocr_line' id='line_1_42' title="bbox 331 3621 909 3685; baseline 0.002 -15"><span class='ocrx_word' id='word_1_227' title='bbox 331 3622 464 3672; x_wconf 85' lang='lat' dir='ltr'>satis</span> <span class='ocrx_word' id='word_1_228' title='bbox 487 3622 683 3685; x_wconf 86' lang='lat' dir='ltr'>placet.</span> <span class='ocrx_word' id='word_1_229' title='bbox 716 3621 909 3671; x_wconf 66' lang='lat' dir='ltr'>Selom.</span> 
     </span>
    </p>

    <p class='ocr_par' dir='ltr' id='par_1_6' title="bbox 330 3696 1399 3923">
     <span class='ocr_line' id='line_1_43' title="bbox 382 3696 1398 3762; baseline 0 -15"><span class='ocrx_word' id='word_1_230' title='bbox 382 3698 537 3748; x_wconf 62' lang='lat' dir='ltr'>&#39;Can</span> <span class='ocrx_word' id='word_1_231' title='bbox 563 3708 771 3747; x_wconf 74' lang='lat' dir='ltr'>xxxix.</span> <span class='ocrx_word' id='word_1_232' title='bbox 795 3699 824 3762; x_wconf 59' lang='grc' dir='ltr'>ς</span> <span class='ocrx_word' id='word_1_233' title='bbox 848 3701 876 3745; x_wconf 94' lang='grc'><strong>1</strong></span> <span class='ocrx_word' id='word_1_234' title='bbox 901 3696 1115 3762; x_wconf 73' lang='lat' dir='ltr'>Atilius]</span> <span class='ocrx_word' id='word_1_235' title='bbox 1147 3696 1398 3747; x_wconf 83' lang='lat' dir='ltr'>Variatur</span> 
     </span>
     <span class='ocr_line' id='line_1_44' title="bbox 330 3771 1399 3835; baseline 0.001 -15"><span class='ocrx_word' id='word_1_236' title='bbox 330 3771 387 3820; x_wconf 87' lang='lat' dir='ltr'>in</span> <span class='ocrx_word' id='word_1_237' title='bbox 423 3773 650 3835; x_wconf 85' lang='lat' dir='ltr'>scriptis,</span> <span class='ocrx_word' id='word_1_238' title='bbox 684 3773 798 3823; x_wconf 86' lang='lat' dir='ltr'>aliis</span> <span class='ocrx_word' id='word_1_239' title='bbox 820 3772 1046 3835; x_wconf 73' lang='lat' dir='ltr'>Atrils&#39;us,</span> <span class='ocrx_word' id='word_1_240' title='bbox 1078 3773 1192 3823; x_wconf 83' lang='lat' dir='ltr'>aliis</span> <span class='ocrx_word' id='word_1_241' title='bbox 1212 3773 1399 3823; x_wconf 73' lang='lat' dir='ltr'>Atilius</span> 
     </span>
     <span class='ocr_line' id='line_1_45' title="bbox 332 3847 1397 3923; baseline 0.003 -26"><span class='ocrx_word' id='word_1_242' title='bbox 332 3847 758 3910; x_wconf 76' lang='lat' dir='ltr'>praeferentibus,</span> <span class='ocrx_word' id='word_1_243' title='bbox 805 3849 897 3899; x_wconf 86' lang='lat' dir='ltr'>sed</span> <span class='ocrx_word' id='word_1_244' title='bbox 942 3851 1042 3901; x_wconf 88' lang='lat' dir='ltr'>boc</span> <span class='ocrx_word' id='word_1_245' title='bbox 1083 3850 1258 3900; x_wconf 85' lang='lat' dir='ltr'>verius</span> <span class='ocrx_word' id='word_1_246' title='bbox 1294 3859 1397 3923; x_wconf 77' lang='lat' dir='ltr'>est,</span> 
     </span>
    </p>
   </div>
   <div class='ocr_carea' id='block_1_3' title="bbox 224 3919 1398 3976">
    <p class='ocr_par' dir='ltr' id='par_1_7' title="bbox 224 3919 1398 3976">
     <span class='ocr_line' id='line_1_46' title="bbox 224 3919 1398 3976; baseline 0.002 -4"><span class='ocrx_word' id='word_1_247' title='bbox 224 3919 237 3926; x_wconf 73' lang='grc'><em>”</em></span> <span class='ocrx_word' id='word_1_248' title='bbox 333 3937 454 3974; x_wconf 77' lang='lat' dir='ltr'>cnm</span> <span class='ocrx_word' id='word_1_249' title='bbox 491 3923 570 3973; x_wconf 85' lang='lat' dir='ltr'>ita</span> <span class='ocrx_word' id='word_1_250' title='bbox 603 3924 655 3973; x_wconf 89' lang='lat' dir='ltr'>in</span> <span class='ocrx_word' id='word_1_251' title='bbox 690 3925 1042 3975; x_wconf 80' lang='lat' dir='ltr'>Marmoribus</span> <span class='ocrx_word' id='word_1_252' title='bbox 1076 3932 1133 3975; x_wconf 90' lang='lat' dir='ltr'>et</span> <span class='ocrx_word' id='word_1_253' title='bbox 1159 3926 1398 3976; x_wconf 88' lang='lat' dir='ltr'>Nummis</span> 
     </span>
    </p>
   </div>
   <div class='ocr_carea' id='block_1_4' title="bbox 335 4002 1400 4452">
    <p class='ocr_par' dir='ltr' id='par_1_8' title="bbox 335 4002 1400 4452">
     <span class='ocr_line' id='line_1_47' title="bbox 335 4002 1397 4068; baseline 0.003 -18"><span class='ocrx_word' id='word_1_254' title='bbox 335 4002 679 4067; x_wconf 78' lang='lat' dir='ltr'>exprimatur,</span> <span class='ocrx_word' id='word_1_255' title='bbox 702 4018 919 4068; x_wconf 80' lang='lat' dir='ltr'>qnorum</span> <span class='ocrx_word' id='word_1_256' title='bbox 938 4005 1299 4054; x_wconf 83' lang='lat' dir='ltr'>auctoritatem</span> <span class='ocrx_word' id='word_1_257' title='bbox 1319 4018 1397 4053; x_wconf 87' lang='lat' dir='ltr'>se·</span> 
     </span>
     <span class='ocr_line' id='line_1_48' title="bbox 335 4078 1398 4142; baseline 0.006 -15"><span class='ocrx_word' id='word_1_258' title='bbox 335 4078 444 4128; x_wconf 87' lang='lat' dir='ltr'>cuti</span> <span class='ocrx_word' id='word_1_259' title='bbox 466 4086 589 4130; x_wconf 89' lang='lat' dir='ltr'>sunt</span> <span class='ocrx_word' id='word_1_260' title='bbox 606 4080 703 4129; x_wconf 86' lang='lat' dir='ltr'>viri</span> <span class='ocrx_word' id='word_1_261' title='bbox 728 4081 1085 4132; x_wconf 82' lang='lat' dir='ltr'>litteratissimi</span> <span class='ocrx_word' id='word_1_262' title='bbox 1105 4095 1124 4142; x_wconf 68' lang='grc' dir='ltr'>ς</span> <span class='ocrx_word' id='word_1_263' title='bbox 1148 4083 1263 4131; x_wconf 77' lang='lat' dir='ltr'>vide</span> <span class='ocrx_word' id='word_1_264' title='bbox 1278 4083 1313 4134; x_wconf 82' lang='lat' dir='ltr'>J</span> <span class='ocrx_word' id='word_1_265' title='bbox 1317 4097 1398 4133; x_wconf 82' lang='lat' dir='ltr'>ac.</span> 
     </span>
     <span class='ocr_line' id='line_1_49' title="bbox 338 4154 1400 4209; baseline 0.006 -6"><span class='ocrx_word' id='word_1_266' title='bbox 338 4154 570 4204; x_wconf 77' lang='lat' dir='ltr'>Gronov.</span> <span class='ocrx_word' id='word_1_267' title='bbox 594 4156 659 4204; x_wconf 86' lang='lat' dir='ltr'>ad</span> <span class='ocrx_word' id='word_1_268' title='bbox 684 4156 799 4206; x_wconf 67' lang='grc' dir='ltr'><strong>[ἰν.</strong></span> <span class='ocrx_word' id='word_1_269' title='bbox 831 4168 971 4207; x_wconf 81' lang='lat' dir='ltr'>xxx.</span> <span class='ocrx_word' id='word_1_270' title='bbox 992 4161 1075 4207; x_wconf 88' lang='grc'>48.</span> <span class='ocrx_word' id='word_1_271' title='bbox 1097 4158 1233 4207; x_wconf 81' lang='lat' dir='ltr'>viros</span> <span class='ocrx_word' id='word_1_272' title='bbox 1257 4158 1400 4209; x_wconf 87' lang='lat' dir='ltr'>doct.</span> 
     </span>
     <span class='ocr_line' id='line_1_50' title="bbox 341 4230 1400 4283; baseline 0.003 -4"><span class='ocrx_word' id='word_1_273' title='bbox 341 4230 406 4279; x_wconf 89' lang='lat' dir='ltr'>ad</span> <span class='ocrx_word' id='word_1_274' title='bbox 427 4231 540 4280; x_wconf 86' lang='lat' dir='ltr'>Val.</span> <span class='ocrx_word' id='word_1_275' title='bbox 564 4231 711 4281; x_wconf 80' lang='lat' dir='ltr'>Max.</span> <span class='ocrx_word' id='word_1_276' title='bbox 736 4245 817 4282; x_wconf 77' lang='lat' dir='ltr'>iv,</span> <span class='ocrx_word' id='word_1_277' title='bbox 838 4237 888 4282; x_wconf 89' lang='grc'><strong>4.</strong></span> <span class='ocrx_word' id='word_1_278' title='bbox 921 4247 1004 4282; x_wconf 86' lang='lat' dir='ltr'>ex.</span> <span class='ocrx_word' id='word_1_279' title='bbox 1032 4237 1081 4281; x_wconf 81' lang='grc'><strong>0.</strong></span> <span class='ocrx_word' id='word_1_280' title='bbox 1117 4233 1400 4283; x_wconf 77' lang='lat' dir='ltr'>Burmann.</span> 
     </span>
     <span class='ocr_line' id='line_1_51' title="bbox 340 4307 1400 4373; baseline 0.008 -19"><span class='ocrx_word' id='word_1_281' title='bbox 340 4307 407 4355; x_wconf 85' lang='lat' dir='ltr'>ad</span> <span class='ocrx_word' id='word_1_282' title='bbox 434 4308 682 4360; x_wconf 80' lang='lat' dir='ltr'>Quinctil.</span> <span class='ocrx_word' id='word_1_283' title='bbox 707 4310 837 4358; x_wconf 83' lang='lat' dir='ltr'>lust.</span> <span class='ocrx_word' id='word_1_284' title='bbox 861 4309 1010 4359; x_wconf 90' lang='lat' dir='ltr'>Orat.</span> <span class='ocrx_word' id='word_1_285' title='bbox 1032 4324 1109 4359; x_wconf 75' lang='lat' dir='ltr'>iv.</span> <span class='ocrx_word' id='word_1_286' title='bbox 1132 4315 1183 4361; x_wconf 90' lang='grc'><strong>2.</strong></span> <span class='ocrx_word' id='word_1_287' title='bbox 1211 4316 1400 4373; x_wconf 77' lang='grc' dir='ltr'><strong>ρ..817.</strong></span> 
     </span>
     <span class='ocr_line' id='line_1_52' title="bbox 340 4384 1399 4452; baseline 0.008 -18"><span class='ocrx_word' id='word_1_288' title='bbox 340 4384 632 4452; x_wconf 70' lang='lat' dir='ltr'>Schulting.</span> <span class='ocrx_word' id='word_1_289' title='bbox 656 4386 722 4436; x_wconf 86' lang='lat' dir='ltr'>sd</span> <span class='ocrx_word' id='word_1_290' title='bbox 748 4386 957 4452; x_wconf 83' lang='lat' dir='ltr'>Ulpian.</span> <span class='ocrx_word' id='word_1_291' title='bbox 981 4387 1064 4438; x_wconf 83' lang='lat' dir='ltr'>tit.</span> <span class='ocrx_word' id='word_1_292' title='bbox 1088 4390 1213 4452; x_wconf 56' lang='grc' dir='ltr'>κως</span> <span class='ocrx_word' id='word_1_293' title='bbox 1239 4387 1319 4438; x_wconf 90' lang='grc'>18.</span> <span class='ocrx_word' id='word_1_294' title='bbox 1341 4397 1399 4442; x_wconf 85' lang='lat' dir='ltr'>et</span> 
     </span>
    </p>
   </div>
   <div class='ocr_carea' id='block_1_5' title="bbox 2388 400 2523 469">
    <p class='ocr_par' dir='ltr' id='par_1_9' title="bbox 2388 400 2523 469">
     <span class='ocr_line' id='line_1_53' title="bbox 2388 400 2523 469; baseline 0 0"><span class='ocrx_word' id='word_1_295' title='bbox 2388 400 2523 469; x_wconf 80' lang='lat'>589</span> 
     </span>
    </p>
   </div>
   <div class='ocr_carea' id='block_1_6' title="bbox 1457 559 2582 2076">
    <p class='ocr_par' dir='ltr' id='par_1_10' title="bbox 1457 559 2582 2076">
     <span class='ocr_line' id='line_1_54' title="bbox 1462 559 2525 625; baseline 0.002 -15"><span class='ocrx_word' id='word_1_296' title='bbox 1462 559 1669 610; x_wconf 81' lang='lat' dir='ltr'>Duker.</span> <span class='ocrx_word' id='word_1_297' title='bbox 1693 559 1759 610; x_wconf 87' lang='lat' dir='ltr'>ad</span> <span class='ocrx_word' id='word_1_298' title='bbox 1791 559 1931 609; x_wconf 86' lang='lat' dir='ltr'>Flor.</span> <span class='ocrx_word' id='word_1_299' title='bbox 1952 572 1994 610; x_wconf 84' lang='lat'>1.</span> <span class='ocrx_word' id='word_1_300' title='bbox 2014 563 2099 609; x_wconf 84' lang='grc'><strong>20.</strong></span> <span class='ocrx_word' id='word_1_301' title='bbox 2127 566 2184 610; x_wconf 88' lang='lat' dir='ltr'>et</span> <span class='ocrx_word' id='word_1_302' title='bbox 2213 572 2275 609; x_wconf 86' lang='lat' dir='ltr'>n.</span> <span class='ocrx_word' id='word_1_303' title='bbox 2306 562 2357 609; x_wconf 82' lang='grc'><strong>2.</strong></span> <span class='ocrx_word' id='word_1_304' title='bbox 2390 562 2418 625; x_wconf 84' lang='lat'>§</span> <span class='ocrx_word' id='word_1_305' title='bbox 2444 564 2525 612; x_wconf 82' lang='grc'><strong>17.</strong></span> 
     </span>
     <span class='ocr_line' id='line_1_55' title="bbox 1458 636 2526 702; baseline 0.001 -16"><span class='ocrx_word' id='word_1_306' title='bbox 1458 636 1640 702; x_wconf 83' lang='lat' dir='ltr'>Atque</span> <span class='ocrx_word' id='word_1_307' title='bbox 1663 637 1792 686; x_wconf 82' lang='lat' dir='ltr'>banc</span> <span class='ocrx_word' id='word_1_308' title='bbox 1806 637 2116 700; x_wconf 74' lang='lat' dir='ltr'>scripturam</span> <span class='ocrx_word' id='word_1_309' title='bbox 2131 637 2282 686; x_wconf 86' lang='lat' dir='ltr'>bodie</span> <span class='ocrx_word' id='word_1_310' title='bbox 2301 652 2526 702; x_wconf 87' lang='lat' dir='ltr'>sequnn-</span> 
     </span>
     <span class='ocr_line' id='line_1_56' title="bbox 1458 711 2525 777; baseline 0.004 -15"><span class='ocrx_word' id='word_1_311' title='bbox 1458 720 1547 763; x_wconf 87' lang='lat' dir='ltr'>tur</span> <span class='ocrx_word' id='word_1_312' title='bbox 1583 714 1792 775; x_wconf 69' lang='lat' dir='ltr'>optimae</span> <span class='ocrx_word' id='word_1_313' title='bbox 1825 711 1967 770; x_wconf 84' lang='lat' dir='ltr'>edd..</span> <span class='ocrx_word' id='word_1_314' title='bbox 1999 722 2060 763; x_wconf 88' lang='lat' dir='ltr'>ut</span> <span class='ocrx_word' id='word_1_315' title='bbox 2090 714 2232 777; x_wconf 79' lang='lat' dir='ltr'>apud</span> <span class='ocrx_word' id='word_1_316' title='bbox 2257 714 2432 765; x_wconf 81' lang='lat' dir='ltr'>Cicer.</span> <span class='ocrx_word' id='word_1_317' title='bbox 2457 715 2525 766; x_wconf 87' lang='lat' dir='ltr'>de</span> 
     </span>
     <span class='ocr_line' id='line_1_57' title="bbox 1459 788 2525 841; baseline 0.001 -2"><span class='ocrx_word' id='word_1_318' title='bbox 1459 788 1588 839; x_wconf 84' lang='lat' dir='ltr'>Nat.</span> <span class='ocrx_word' id='word_1_319' title='bbox 1608 788 1774 839; x_wconf 85' lang='lat' dir='ltr'>Deor.</span> <span class='ocrx_word' id='word_1_320' title='bbox 1796 802 1860 838; x_wconf 89' lang='grc' dir='ltr'>ιι.</span> <span class='ocrx_word' id='word_1_321' title='bbox 1875 792 1959 838; x_wconf 83' lang='grc'>28.</span> <span class='ocrx_word' id='word_1_322' title='bbox 1983 788 2073 839; x_wconf 90' lang='lat' dir='ltr'>ubi</span> <span class='ocrx_word' id='word_1_323' title='bbox 2090 788 2227 839; x_wconf 84' lang='lat' dir='ltr'>male</span> <span class='ocrx_word' id='word_1_324' title='bbox 2245 788 2525 841; x_wconf 73' lang='lat' dir='ltr'>Lambinus</span> 
     </span>
     <span class='ocr_line' id='line_1_58' title="bbox 1457 864 2527 928; baseline 0.002 -13"><span class='ocrx_word' id='word_1_325' title='bbox 1457 865 1659 916; x_wconf 59' lang='lat' dir='ltr'>attilio.</span> <span class='ocrx_word' id='word_1_326' title='bbox 1734 864 1887 915; x_wconf 85' lang='lat' dir='ltr'>Orat.</span> <span class='ocrx_word' id='word_1_327' title='bbox 1912 879 2006 928; x_wconf 89' lang='lat' dir='ltr'>pro</span> <span class='ocrx_word' id='word_1_328' title='bbox 2030 864 2253 915; x_wconf 83' lang='lat' dir='ltr'>Plancio</span> <span class='ocrx_word' id='word_1_329' title='bbox 2280 880 2331 915; x_wconf 90' lang='lat' dir='ltr'>c.</span> <span class='ocrx_word' id='word_1_330' title='bbox 2349 869 2434 916; x_wconf 93' lang='grc'><strong>26.</strong></span> <span class='ocrx_word' id='word_1_331' title='bbox 2456 866 2527 917; x_wconf 86' lang='lat' dir='ltr'>de</span> 
     </span>
     <span class='ocr_line' id='line_1_59' title="bbox 1457 941 2528 1006; baseline 0.003 -15"><span class='ocrx_word' id='word_1_332' title='bbox 1457 941 1667 993; x_wconf 75' lang='lat' dir='ltr'>Senect.</span> <span class='ocrx_word' id='word_1_333' title='bbox 1689 956 1807 1006; x_wconf 83' lang='lat' dir='ltr'>cap.</span> <span class='ocrx_word' id='word_1_334' title='bbox 1833 946 1913 993; x_wconf 81' lang='grc'><strong>17.</strong></span> <span class='ocrx_word' id='word_1_335' title='bbox 1945 942 2085 992; x_wconf 81' lang='lat' dir='ltr'>Livii</span> <span class='ocrx_word' id='word_1_336' title='bbox 2117 942 2265 1005; x_wconf 77' lang='lat' dir='ltr'>Epit-</span> <span class='ocrx_word' id='word_1_337' title='bbox 2284 955 2430 993; x_wconf 80' lang='lat' dir='ltr'>xvn.</span> <span class='ocrx_word' id='word_1_338' title='bbox 2470 949 2528 994; x_wconf 89' lang='lat' dir='ltr'>et</span> 
     </span>
     <span class='ocr_line' id='line_1_60' title="bbox 1457 1018 2529 1070; baseline 0.001 -3"><span class='ocrx_word' id='word_1_339' title='bbox 1457 1030 1583 1068; x_wconf 79' lang='lat' dir='ltr'>xrx.</span> <span class='ocrx_word' id='word_1_340' title='bbox 1611 1018 1749 1069; x_wconf 77' lang='lat' dir='ltr'>Gell-</span> <span class='ocrx_word' id='word_1_341' title='bbox 1774 1032 1850 1069; x_wconf 77' lang='grc' dir='ltr'>ιν.</span> <span class='ocrx_word' id='word_1_342' title='bbox 1869 1022 1919 1068; x_wconf 83' lang='grc'>8.</span> <span class='ocrx_word' id='word_1_343' title='bbox 1959 1019 2095 1068; x_wconf 85' lang='lat' dir='ltr'>Vell.</span> <span class='ocrx_word' id='word_1_344' title='bbox 2117 1018 2332 1070; x_wconf 83' lang='lat' dir='ltr'>Patere.</span> <span class='ocrx_word' id='word_1_345' title='bbox 2355 1032 2421 1069; x_wconf 87' lang='grc' dir='ltr'>ιι.</span> <span class='ocrx_word' id='word_1_346' title='bbox 2444 1023 2529 1068; x_wconf 93' lang='grc'>68.</span> 
     </span>
     <span class='ocr_line' id='line_1_61' title="bbox 1457 1092 2531 1158; baseline 0 -15"><span class='ocrx_word' id='word_1_347' title='bbox 1457 1092 1590 1143; x_wconf 79' lang='lat' dir='ltr'>fine:</span> <span class='ocrx_word' id='word_1_348' title='bbox 1615 1100 1672 1144; x_wconf 88' lang='lat' dir='ltr'>et</span> <span class='ocrx_word' id='word_1_349' title='bbox 1693 1093 1905 1144; x_wconf 75' lang='lat' dir='ltr'>Gruteri</span> <span class='ocrx_word' id='word_1_350' title='bbox 1923 1093 2064 1143; x_wconf 88' lang='lat' dir='ltr'>Insc.</span> <span class='ocrx_word' id='word_1_351' title='bbox 2084 1109 2136 1158; x_wconf 86' lang='lat' dir='ltr'>p.</span> <span class='ocrx_word' id='word_1_352' title='bbox 2153 1106 2367 1144; x_wconf 71' lang='lat' dir='ltr'>sumn.</span> <span class='ocrx_word' id='word_1_353' title='bbox 2388 1108 2531 1144; x_wconf 89' lang='lat' dir='ltr'>num.</span> 
     </span>
     <span class='ocr_line' id='line_1_62' title="bbox 1461 1168 2530 1229; baseline 0.003 -11"><span class='ocrx_word' id='word_1_354' title='bbox 1461 1173 1507 1219; x_wconf 85' lang='lat'>1.</span> <span class='ocrx_word' id='word_1_355' title='bbox 1524 1168 1679 1218; x_wconf 91' lang='lat' dir='ltr'>Oros.</span> <span class='ocrx_word' id='word_1_356' title='bbox 1694 1182 1775 1218; x_wconf 79' lang='grc' dir='ltr'>ιν.</span> <span class='ocrx_word' id='word_1_357' title='bbox 1792 1173 1873 1219; x_wconf 91' lang='grc'><strong>10.</strong></span> <span class='ocrx_word' id='word_1_358' title='bbox 1888 1170 1973 1220; x_wconf 87' lang='lat' dir='ltr'>ubi</span> <span class='ocrx_word' id='word_1_359' title='bbox 1989 1170 2094 1220; x_wconf 81' lang='lat' dir='ltr'>Ms.</span> <span class='ocrx_word' id='word_1_360' title='bbox 2107 1179 2285 1221; x_wconf 89' lang='lat' dir='ltr'>tamen</span> <span class='ocrx_word' id='word_1_361' title='bbox 2301 1170 2530 1229; x_wconf 66' lang='lat' dir='ltr'>Attium,</span> 
     </span>
     <span class='ocr_line' id='line_1_63' title="bbox 1458 1243 2528 1311; baseline 0.003 -18"><span class='ocrx_word' id='word_1_362' title='bbox 1458 1244 1719 1308; x_wconf 87' lang='lat' dir='ltr'>quomodo</span> <span class='ocrx_word' id='word_1_363' title='bbox 1761 1243 1915 1296; x_wconf 87' lang='lat' dir='ltr'>bodie</span> <span class='ocrx_word' id='word_1_364' title='bbox 1957 1246 2116 1297; x_wconf 83' lang='lat' dir='ltr'>etiam</span> <span class='ocrx_word' id='word_1_365' title='bbox 2157 1246 2334 1297; x_wconf 87' lang='lat' dir='ltr'>editur</span> <span class='ocrx_word' id='word_1_366' title='bbox 2386 1247 2528 1311; x_wconf 87' lang='lat' dir='ltr'>apud</span> 
     </span>
     <span class='ocr_line' id='line_1_64' title="bbox 1459 1320 2582 1386; baseline 0.003 -16"><span class='ocrx_word' id='word_1_367' title='bbox 1459 1320 1680 1386; x_wconf 87' lang='lat' dir='ltr'>Eutrop.</span> <span class='ocrx_word' id='word_1_368' title='bbox 1717 1335 1785 1371; x_wconf 93' lang='grc' dir='ltr'>ιι.</span> <span class='ocrx_word' id='word_1_369' title='bbox 1814 1326 1897 1372; x_wconf 92' lang='grc'><strong>21.</strong></span> <span class='ocrx_word' id='word_1_370' title='bbox 1935 1323 2171 1372; x_wconf 87' lang='lat' dir='ltr'>Frontin.</span> <span class='ocrx_word' id='word_1_371' title='bbox 2194 1337 2235 1372; x_wconf 91' lang='grc' dir='ltr'>ι.</span> <span class='ocrx_word' id='word_1_372' title='bbox 2255 1327 2306 1374; x_wconf 91' lang='grc'><strong>6.</strong></span> <span class='ocrx_word' id='word_1_373' title='bbox 2338 1338 2423 1373; x_wconf 81' lang='lat' dir='ltr'>ex.</span> <span class='ocrx_word' id='word_1_374' title='bbox 2448 1327 2530 1373; x_wconf 85' lang='grc'><strong>16.</strong></span> <span class='ocrx_word' id='word_1_375' title='bbox 2571 1355 2582 1372; x_wconf 79' lang='grc'><strong><em>,</em></strong></span> 
     </span>
     <span class='ocr_line' id='line_1_65' title="bbox 1460 1399 2529 1462; baseline 0.003 -16"><span class='ocrx_word' id='word_1_376' title='bbox 1460 1404 1518 1447; x_wconf 87' lang='lat' dir='ltr'>et</span> <span class='ocrx_word' id='word_1_377' title='bbox 1552 1410 1631 1447; x_wconf 72' lang='grc' dir='ltr'>ιν.</span> <span class='ocrx_word' id='word_1_378' title='bbox 1659 1404 1709 1447; x_wconf 93' lang='grc'>6.</span> <span class='ocrx_word' id='word_1_379' title='bbox 1744 1413 1829 1449; x_wconf 83' lang='lat' dir='ltr'>ex.</span> <span class='ocrx_word' id='word_1_380' title='bbox 1863 1403 1941 1450; x_wconf 92' lang='grc'><strong>10.</strong></span> <span class='ocrx_word' id='word_1_381' title='bbox 1978 1399 2173 1452; x_wconf 86' lang='lat' dir='ltr'>Justin.</span> <span class='ocrx_word' id='word_1_382' title='bbox 2217 1406 2529 1462; x_wconf 85' lang='lat' dir='ltr'>ceterosque</span> 
     </span>
     <span class='ocr_line' id='line_1_66' title="bbox 1459 1477 2531 1541; baseline 0.002 -16"><span class='ocrx_word' id='word_1_383' title='bbox 1459 1477 1696 1541; x_wconf 82' lang='lat' dir='ltr'>quamvis</span> <span class='ocrx_word' id='word_1_384' title='bbox 1736 1477 1906 1527; x_wconf 88' lang='lat' dir='ltr'>minus</span> <span class='ocrx_word' id='word_1_385' title='bbox 1942 1479 2222 1529; x_wconf 73' lang='lat' dir='ltr'>accuratez</span> <span class='ocrx_word' id='word_1_386' title='bbox 2259 1477 2399 1527; x_wconf 88' lang='lat' dir='ltr'>unde</span> <span class='ocrx_word' id='word_1_387' title='bbox 2437 1492 2531 1540; x_wconf 85' lang='lat' dir='ltr'>ap·</span> 
     </span>
     <span class='ocr_line' id='line_1_67' title="bbox 1461 1552 2529 1617; baseline 0.002 -17"><span class='ocrx_word' id='word_1_388' title='bbox 1461 1558 1613 1616; x_wconf 87' lang='lat' dir='ltr'>paret</span> <span class='ocrx_word' id='word_1_389' title='bbox 1630 1566 1850 1615; x_wconf 82' lang='lat' dir='ltr'>peccare</span> <span class='ocrx_word' id='word_1_390' title='bbox 1863 1552 2050 1613; x_wconf 69' lang='lat' dir='ltr'>seton,</span> <span class='ocrx_word' id='word_1_391' title='bbox 2073 1552 2161 1617; x_wconf 91' lang='lat' dir='ltr'>qni</span> <span class='ocrx_word' id='word_1_392' title='bbox 2180 1554 2195 1580; x_wconf 82' lang='lat'>⁸</span> <span class='ocrx_word' id='word_1_393' title='bbox 2219 1552 2529 1602; x_wconf 79' lang='lat' dir='ltr'>Attiliannm</span> 
     </span>
     <span class='ocr_line' id='line_1_68' title="bbox 1463 1627 2531 1693; baseline -0.002 -14"><span class='ocrx_word' id='word_1_394' title='bbox 1463 1634 1693 1679; x_wconf 90' lang='lat' dir='ltr'>tutorum</span> <span class='ocrx_word' id='word_1_395' title='bbox 1712 1627 1730 1652; x_wconf 87' lang='lat'>&#39;</span> <span class='ocrx_word' id='word_1_396' title='bbox 1750 1629 1954 1690; x_wconf 87' lang='lat' dir='ltr'>dicunt,</span> <span class='ocrx_word' id='word_1_397' title='bbox 1974 1629 2062 1693; x_wconf 91' lang='lat' dir='ltr'>qui</span> <span class='ocrx_word' id='word_1_398' title='bbox 2083 1628 2331 1678; x_wconf 74' lang='lat' dir='ltr'>Atilianus</span> <span class='ocrx_word' id='word_1_399' title='bbox 2350 1629 2531 1693; x_wconf 88' lang='lat' dir='ltr'>appel·</span> 
     </span>
     <span class='ocr_line' id='line_1_69' title="bbox 1459 1704 2530 1770; baseline 0.001 -16"><span class='ocrx_word' id='word_1_400' title='bbox 1459 1704 1645 1755; x_wconf 86' lang='lat' dir='ltr'>landus</span> <span class='ocrx_word' id='word_1_401' title='bbox 1681 1713 1812 1755; x_wconf 83' lang='lat' dir='ltr'>erat.</span> <span class='ocrx_word' id='word_1_402' title='bbox 1877 1704 2048 1754; x_wconf 85' lang='lat' dir='ltr'>Porro</span> <span class='ocrx_word' id='word_1_403' title='bbox 2084 1704 2224 1769; x_wconf 89' lang='lat' dir='ltr'>quod</span> <span class='ocrx_word' id='word_1_404' title='bbox 2263 1705 2530 1770; x_wconf 63' lang='lat' dir='ltr'>pleraque</span> 
     </span>
     <span class='ocr_line' id='line_1_70' title="bbox 1461 1781 2532 1845; baseline 0.004 -14"><span class='ocrx_word' id='word_1_405' title='bbox 1461 1781 1588 1831; x_wconf 89' lang='lat' dir='ltr'>edd.</span> <span class='ocrx_word' id='word_1_406' title='bbox 1635 1790 2013 1845; x_wconf 74' lang='lat' dir='ltr'>expresserant</span> <span class='ocrx_word' id='word_1_407' title='bbox 2056 1783 2160 1832; x_wconf 75' lang='lat' dir='ltr'>dux</span> <span class='ocrx_word' id='word_1_408' title='bbox 2208 1782 2532 1835; x_wconf 62' lang='lat' dir='ltr'>Romanos-ss·</span> 
     </span>
     <span class='ocr_line' id='line_1_71' title="bbox 1462 1858 2531 1923; baseline 0.004 -17"><span class='ocrx_word' id='word_1_409' title='bbox 1462 1872 1643 1907; x_wconf 81' lang='lat' dir='ltr'>vocem</span> <span class='ocrx_word' id='word_1_410' title='bbox 1656 1858 1791 1908; x_wconf 86' lang='lat' dir='ltr'>banc</span> <span class='ocrx_word' id='word_1_411' title='bbox 1805 1858 2085 1920; x_wconf 73' lang='lat' dir='ltr'>secuudum</span> <span class='ocrx_word' id='word_1_412' title='bbox 2100 1859 2344 1923; x_wconf 71' lang='lat' dir='ltr'>ignorant</span> <span class='ocrx_word' id='word_1_413' title='bbox 2353 1874 2531 1910; x_wconf 86' lang='lat' dir='ltr'>omnes</span> 
     </span>
     <span class='ocr_line' id='line_1_72' title="bbox 1461 1934 2187 1998; baseline 0.001 -13"><span class='ocrx_word' id='word_1_414' title='bbox 1461 1936 1649 1998; x_wconf 84' lang='lat' dir='ltr'>scripti</span> <span class='ocrx_word' id='word_1_415' title='bbox 1671 1941 1727 1985; x_wconf 89' lang='lat' dir='ltr'>et</span> <span class='ocrx_word' id='word_1_416' title='bbox 1748 1934 1976 1987; x_wconf 83' lang='lat' dir='ltr'>Veneta.</span> <span class='ocrx_word' id='word_1_417' title='bbox 2010 1934 2187 1986; x_wconf 76' lang='lat' dir='ltr'>Arutz.</span> 
     </span>
     <span class='ocr_line' id='line_1_73' title="bbox 1530 2010 2529 2076; baseline 0.003 -14"><span class='ocrx_word' id='word_1_418' title='bbox 1530 2010 1892 2076; x_wconf 67' lang='lat' dir='ltr'>CalatinusJA</span> <span class='ocrx_word' id='word_1_419' title='bbox 1914 2012 2133 2062; x_wconf 85' lang='lat' dir='ltr'>calando</span> <span class='ocrx_word' id='word_1_420' title='bbox 2163 2013 2333 2063; x_wconf 86' lang='lat' dir='ltr'>dictos</span> <span class='ocrx_word' id='word_1_421' title='bbox 2367 2012 2529 2065; x_wconf 89' lang='lat' dir='ltr'>docet</span> 
     </span>
    </p>
   </div>
   <div class='ocr_carea' id='block_1_7' title="bbox 1436 2087 2533 2141">
    <p class='ocr_par' dir='ltr' id='par_1_11' title="bbox 1436 2087 2533 2141">
     <span class='ocr_line' id='line_1_74' title="bbox 1436 2087 2533 2141; baseline 0.005 -5"><span class='ocrx_word' id='word_1_422' title='bbox 1436 2087 1677 2138; x_wconf 82' lang='lat' dir='ltr'>·Fulvius</span> <span class='ocrx_word' id='word_1_423' title='bbox 1715 2088 1936 2139; x_wconf 84' lang='lat' dir='ltr'>Ursinus</span> <span class='ocrx_word' id='word_1_424' title='bbox 1971 2088 2242 2139; x_wconf 85' lang='lat' dir='ltr'>Romanus</span> <span class='ocrx_word' id='word_1_425' title='bbox 2278 2090 2434 2140; x_wconf 88' lang='lat' dir='ltr'>Notis</span> <span class='ocrx_word' id='word_1_426' title='bbox 2464 2091 2533 2141; x_wconf 87' lang='lat' dir='ltr'>ad</span> 
     </span>
    </p>
   </div>
   <div class='ocr_carea' id='block_1_8' title="bbox 1462 2164 2537 2612">
    <p class='ocr_par' dir='ltr' id='par_1_12' title="bbox 1464 2164 2402 2229">
     <span class='ocr_line' id='line_1_75' title="bbox 1464 2164 2402 2229; baseline 0 -13"><span class='ocrx_word' id='word_1_427' title='bbox 1464 2164 1622 2216; x_wconf 87' lang='lat' dir='ltr'>Orat.</span> <span class='ocrx_word' id='word_1_428' title='bbox 1645 2165 1758 2215; x_wconf 87' lang='lat' dir='ltr'>Cic.</span> <span class='ocrx_word' id='word_1_429' title='bbox 1782 2179 1877 2229; x_wconf 91' lang='lat' dir='ltr'>pro</span> <span class='ocrx_word' id='word_1_430' title='bbox 1897 2166 1961 2215; x_wconf 88' lang='lat' dir='ltr'>P.</span> <span class='ocrx_word' id='word_1_431' title='bbox 1979 2167 2181 2219; x_wconf 80' lang='lat' dir='ltr'>Sextio.</span> <span class='ocrx_word' id='word_1_432' title='bbox 2214 2165 2402 2217; x_wconf 67' lang='lat' dir='ltr'>Scitote.</span> 
     </span>
    </p>

    <p class='ocr_par' dir='ltr' id='par_1_13' title="bbox 1462 2241 2537 2612">
     <span class='ocr_line' id='line_1_76' title="bbox 1536 2241 2531 2308; baseline 0 -17"><span class='ocrx_word' id='word_1_433' title='bbox 1536 2242 1617 2290; x_wconf 77' lang='lat' dir='ltr'>Ex</span> <span class='ocrx_word' id='word_1_434' title='bbox 1638 2241 1891 2308; x_wconf 73' lang='lat' dir='ltr'>maximis]</span> <span class='ocrx_word' id='word_1_435' title='bbox 1924 2242 2146 2307; x_wconf 76' lang='lat' dir='ltr'>vulgati</span> <span class='ocrx_word' id='word_1_436' title='bbox 2177 2243 2289 2292; x_wconf 90' lang='lat' dir='ltr'>sine</span> <span class='ocrx_word' id='word_1_437' title='bbox 2326 2255 2531 2307; x_wconf 78' lang='lat' dir='ltr'>praepo-</span> 
     </span>
     <span class='ocr_line' id='line_1_77' title="bbox 1462 2309 2533 2370; baseline 0.002 -3"><span class='ocrx_word' id='word_1_438' title='bbox 1462 2318 1671 2369; x_wconf 87' lang='lat' dir='ltr'>sitione.</span> <span class='ocrx_word' id='word_1_439' title='bbox 1716 2320 1774 2369; x_wconf 83' lang='lat'>1..</span> <span class='ocrx_word' id='word_1_440' title='bbox 1791 2309 1941 2369; x_wconf 56' lang='lat' dir='ltr'>”Anu.</span> <span class='ocrx_word' id='word_1_441' title='bbox 1965 2319 2188 2370; x_wconf 78' lang='lat' dir='ltr'>Florus=</span> <span class='ocrx_word' id='word_1_442' title='bbox 2223 2326 2240 2350; x_wconf 83' lang='lat'><strong><em>⁴</em></strong></span> <span class='ocrx_word' id='word_1_443' title='bbox 2266 2319 2403 2370; x_wconf 84' lang='lat' dir='ltr'>Fere</span> <span class='ocrx_word' id='word_1_444' title='bbox 2423 2334 2533 2369; x_wconf 86' lang='lat' dir='ltr'>om-</span> 
     </span>
     <span class='ocr_line' id='line_1_78' title="bbox 1464 2395 2534 2461; baseline 0.001 -18"><span class='ocrx_word' id='word_1_445' title='bbox 1464 2397 1553 2444; x_wconf 87' lang='lat' dir='ltr'>nia</span> <span class='ocrx_word' id='word_1_446' title='bbox 1598 2395 1843 2459; x_wconf 74' lang='lat' dir='ltr'>praesidia</span> <span class='ocrx_word' id='word_1_447' title='bbox 1900 2396 2183 2446; x_wconf 82' lang='lat' dir='ltr'>Poenorum</span> <span class='ocrx_word' id='word_1_448' title='bbox 2227 2396 2534 2461; x_wconf 74' lang='lat' dir='ltr'>Agrigento,</span> 
     </span>
     <span class='ocr_line' id='line_1_79' title="bbox 1464 2470 2535 2536; baseline 0.004 -17"><span class='ocrx_word' id='word_1_449' title='bbox 1464 2470 1729 2534; x_wconf 80' lang='lat' dir='ltr'>Drepane,</span> <span class='ocrx_word' id='word_1_450' title='bbox 1768 2473 2050 2534; x_wconf 85' lang='lat' dir='ltr'>Panormo‚</span> <span class='ocrx_word' id='word_1_451' title='bbox 2073 2474 2264 2536; x_wconf 78' lang='lat' dir='ltr'>Eryce,</span> <span class='ocrx_word' id='word_1_452' title='bbox 2302 2472 2535 2535; x_wconf 74' lang='lat' dir='ltr'>Lilybaeo</span> 
     </span>
     <span class='ocr_line' id='line_1_80' title="bbox 1464 2543 2537 2612; baseline 0.003 -18"><span class='ocrx_word' id='word_1_453' title='bbox 1464 2543 1739 2596; x_wconf 62' lang='lat' dir='ltr'>detraxit!</span> <span class='ocrx_word' id='word_1_454' title='bbox 1770 2547 1957 2597; x_wconf 65' lang='lat' dir='ltr'>Sabou.</span> <span class='ocrx_word' id='word_1_455' title='bbox 2023 2547 2113 2598; x_wconf 85' lang='lat' dir='ltr'>Sic</span> <span class='ocrx_word' id='word_1_456' title='bbox 2142 2548 2321 2612; x_wconf 77' lang='lat' dir='ltr'>legere</span> <span class='ocrx_word' id='word_1_457' title='bbox 2339 2547 2537 2611; x_wconf 85' lang='lat' dir='ltr'>jubent</span> 
     </span>
    </p>
   </div>
   <div class='ocr_carea' id='block_1_9' title="bbox 1465 2619 2650 2684">
    <p class='ocr_par' dir='ltr' id='par_1_14' title="bbox 1465 2619 2650 2684">
     <span class='ocr_line' id='line_1_81' title="bbox 1465 2619 2650 2684; baseline 0.002 -16"><span class='ocrx_word' id='word_1_458' title='bbox 1465 2619 1621 2669; x_wconf 85' lang='lat' dir='ltr'>codd.</span> <span class='ocrx_word' id='word_1_459' title='bbox 1653 2635 1807 2672; x_wconf 85' lang='lat' dir='ltr'>manu</span> <span class='ocrx_word' id='word_1_460' title='bbox 1838 2624 2041 2673; x_wconf 83' lang='lat' dir='ltr'>exarati</span> <span class='ocrx_word' id='word_1_461' title='bbox 2064 2629 2120 2672; x_wconf 86' lang='lat' dir='ltr'>et</span> <span class='ocrx_word' id='word_1_462' title='bbox 2144 2630 2369 2672; x_wconf 77' lang='lat' dir='ltr'>vetustae</span> <span class='ocrx_word' id='word_1_463' title='bbox 2392 2620 2537 2684; x_wconf 65' lang='lat' dir='ltr'>edd„</span> <span class='ocrx_word' id='word_1_464' title='bbox 2644 2619 2650 2626; x_wconf 81' lang='grc'><em>’</em></span> 
     </span>
    </p>
   </div>
   <div class='ocr_carea' id='block_1_10' title="bbox 1462 2695 2578 4456">
    <p class='ocr_par' dir='ltr' id='par_1_15' title="bbox 1462 2695 2578 3671">
     <span class='ocr_line' id='line_1_82' title="bbox 1465 2695 2537 2762; baseline 0.002 -17"><span class='ocrx_word' id='word_1_465' title='bbox 1465 2695 1645 2745; x_wconf 88' lang='lat' dir='ltr'>nescio</span> <span class='ocrx_word' id='word_1_466' title='bbox 1690 2697 1829 2747; x_wconf 88' lang='lat' dir='ltr'>uude</span> <span class='ocrx_word' id='word_1_467' title='bbox 1873 2705 2145 2762; x_wconf 75' lang='lat' dir='ltr'>receperat</span> <span class='ocrx_word' id='word_1_468' title='bbox 2186 2698 2434 2748; x_wconf 83' lang='lat' dir='ltr'>Schottus</span> <span class='ocrx_word' id='word_1_469' title='bbox 2478 2703 2537 2747; x_wconf 87' lang='lat' dir='ltr'>et</span> 
     </span>
     <span class='ocr_line' id='line_1_83' title="bbox 1466 2773 2535 2841; baseline 0 -18"><span class='ocrx_word' id='word_1_470' title='bbox 1466 2774 1786 2839; x_wconf 86' lang='lat' dir='ltr'>posteriores</span> <span class='ocrx_word' id='word_1_471' title='bbox 1807 2790 1870 2825; x_wconf 70' lang='lat' dir='ltr'>ex</span> <span class='ocrx_word' id='word_1_472' title='bbox 1884 2775 2130 2840; x_wconf 69' lang='lat' dir='ltr'>maxims‘s,</span> <span class='ocrx_word' id='word_1_473' title='bbox 2151 2775 2301 2841; x_wconf 84' lang='lat' dir='ltr'>quasi</span> <span class='ocrx_word' id='word_1_474' title='bbox 2320 2773 2535 2824; x_wconf 82' lang='lat' dir='ltr'>verbum</span> 
     </span>
     <span class='ocr_line' id='line_1_84' title="bbox 1462 2850 2538 2916; baseline 0 -16"><span class='ocrx_word' id='word_1_475' title='bbox 1462 2852 1480 2880; x_wconf 87' lang='lat'><strong>‘</strong></span> <span class='ocrx_word' id='word_1_476' title='bbox 1506 2850 1738 2915; x_wconf 76' lang='lat' dir='ltr'>dejicere</span> <span class='ocrx_word' id='word_1_477' title='bbox 1753 2852 1769 2875; x_wconf 90' lang='lat'>&#39;</span> <span class='ocrx_word' id='word_1_478' title='bbox 1790 2866 1999 2916; x_wconf 86' lang='lat' dir='ltr'>semper</span> <span class='ocrx_word' id='word_1_479' title='bbox 2015 2851 2434 2916; x_wconf 62' lang='lat' dir='ltr'>prepositiouem</span> <span class='ocrx_word' id='word_1_480' title='bbox 2453 2864 2538 2900; x_wconf 78' lang='lat' dir='ltr'>re-</span> 
     </span>
     <span class='ocr_line' id='line_1_85' title="bbox 1467 2928 2535 2993; baseline -0.003 -15"><span class='ocrx_word' id='word_1_481' title='bbox 1467 2929 1715 2993; x_wconf 86' lang='lat' dir='ltr'>quireret.</span> <span class='ocrx_word' id='word_1_482' title='bbox 1748 2928 1935 2979; x_wconf 86' lang='lat' dir='ltr'>Cicero</span> <span class='ocrx_word' id='word_1_483' title='bbox 1958 2928 2114 2978; x_wconf 87' lang='lat' dir='ltr'>Orat.</span> <span class='ocrx_word' id='word_1_484' title='bbox 2144 2928 2283 2980; x_wconf 85' lang='lat' dir='ltr'>Phil.</span> <span class='ocrx_word' id='word_1_485' title='bbox 2314 2941 2447 2978; x_wconf 82' lang='lat' dir='ltr'>vm.</span> <span class='ocrx_word' id='word_1_486' title='bbox 2482 2931 2535 2976; x_wconf 92' lang='grc'>2.</span> 
     </span>
     <span class='ocr_line' id='line_1_86' title="bbox 1468 3004 2536 3069; baseline 0 -15"><span class='ocrx_word' id='word_1_487' title='bbox 1468 3006 1484 3033; x_wconf 90' lang='lat'>‘</span> <span class='ocrx_word' id='word_1_488' title='bbox 1510 3004 1671 3068; x_wconf 87' lang='lat' dir='ltr'>Cujus</span> <span class='ocrx_word' id='word_1_489' title='bbox 1710 3006 2007 3068; x_wconf 76' lang='lat' dir='ltr'>praesidium</span> <span class='ocrx_word' id='word_1_490' title='bbox 2046 3006 2294 3055; x_wconf 77' lang='lat' dir='ltr'>Claterna</span> <span class='ocrx_word' id='word_1_491' title='bbox 2334 3004 2536 3069; x_wconf 85' lang='lat' dir='ltr'>dejecit</span> 
     </span>
     <span class='ocr_line' id='line_1_87' title="bbox 1468 3082 2536 3134; baseline -0.001 -1"><span class='ocrx_word' id='word_1_492' title='bbox 1468 3083 1674 3133; x_wconf 87' lang='lat' dir='ltr'>Hirtius</span> <span class='ocrx_word' id='word_1_493' title='bbox 1694 3082 1728 3132; x_wconf 71' lang='grc' dir='ltr'>ε’</span> <span class='ocrx_word' id='word_1_494' title='bbox 1757 3091 1816 3133; x_wconf 89' lang='lat' dir='ltr'>et</span> <span class='ocrx_word' id='word_1_495' title='bbox 1836 3084 1958 3134; x_wconf 80' lang='lat' dir='ltr'>Act.</span> <span class='ocrx_word' id='word_1_496' title='bbox 1978 3084 2032 3133; x_wconf 87' lang='lat' dir='ltr'>in</span> <span class='ocrx_word' id='word_1_497' title='bbox 2056 3083 2270 3132; x_wconf 82' lang='lat' dir='ltr'>Verrem</span> <span class='ocrx_word' id='word_1_498' title='bbox 2294 3097 2333 3133; x_wconf 91' lang='grc' dir='ltr'>ι.</span> <span class='ocrx_word' id='word_1_499' title='bbox 2355 3089 2407 3133; x_wconf 90' lang='grc'>8.</span> <span class='ocrx_word' id='word_1_500' title='bbox 2438 3092 2454 3115; x_wconf 73' lang='lat'><strong>⁸</strong></span> <span class='ocrx_word' id='word_1_501' title='bbox 2479 3083 2536 3132; x_wconf 86' lang='lat' dir='ltr'>Si</span> 
     </span>
     <span class='ocr_line' id='line_1_88' title="bbox 1468 3159 2535 3224; baseline 0.002 -17"><span class='ocrx_word' id='word_1_502' title='bbox 1468 3172 1554 3208; x_wconf 86' lang='lat' dir='ltr'>me</span> <span class='ocrx_word' id='word_1_503' title='bbox 1596 3159 1849 3209; x_wconf 73' lang='lat' dir='ltr'>aedilitate</span> <span class='ocrx_word' id='word_1_504' title='bbox 1901 3160 2250 3224; x_wconf 81' lang='lat' dir='ltr'>dejecissent.&#39;</span> <span class='ocrx_word' id='word_1_505' title='bbox 2299 3160 2535 3224; x_wconf 71' lang='lat' dir='ltr'>Symma-</span> 
     </span>
     <span class='ocr_line' id='line_1_89' title="bbox 1469 3234 2534 3300; baseline 0.001 -16"><span class='ocrx_word' id='word_1_506' title='bbox 1469 3234 1595 3284; x_wconf 83' lang='lat' dir='ltr'>chus</span> <span class='ocrx_word' id='word_1_507' title='bbox 1622 3234 1793 3300; x_wconf 86' lang='lat' dir='ltr'>Epist.</span> <span class='ocrx_word' id='word_1_508' title='bbox 1813 3249 1867 3285; x_wconf 89' lang='lat' dir='ltr'>x.</span> <span class='ocrx_word' id='word_1_509' title='bbox 1890 3240 1971 3286; x_wconf 92' lang='grc'>68.</span> <span class='ocrx_word' id='word_1_510' title='bbox 2005 3237 2023 3264; x_wconf 89' lang='lat'>‘</span> <span class='ocrx_word' id='word_1_511' title='bbox 2046 3236 2150 3287; x_wconf 81' lang='lat' dir='ltr'>Qui</span> <span class='ocrx_word' id='word_1_512' title='bbox 2181 3251 2238 3287; x_wconf 87' lang='lat' dir='ltr'>se</span> <span class='ocrx_word' id='word_1_513' title='bbox 2272 3236 2534 3300; x_wconf 80' lang='lat' dir='ltr'>dejectum</span> 
     </span>
     <span class='ocr_line' id='line_1_90' title="bbox 1468 3312 2578 3375; baseline 0 -16"><span class='ocrx_word' id='word_1_514' title='bbox 1468 3313 1796 3375; x_wconf 83' lang='lat' dir='ltr'>possessione</span> <span class='ocrx_word' id='word_1_515' title='bbox 1819 3318 2030 3375; x_wconf 86' lang='lat' dir='ltr'>questus</span> <span class='ocrx_word' id='word_1_516' title='bbox 2050 3312 2167 3363; x_wconf 89' lang='lat' dir='ltr'>est.&#39;</span> <span class='ocrx_word' id='word_1_517' title='bbox 2211 3314 2330 3363; x_wconf 86' lang='lat' dir='ltr'>Val.</span> <span class='ocrx_word' id='word_1_518' title='bbox 2357 3313 2536 3363; x_wconf 83' lang='lat' dir='ltr'>Flacc.</span> <span class='ocrx_word' id='word_1_519' title='bbox 2566 3334 2578 3344; x_wconf 73' lang='grc'><strong>-</strong></span> 
     </span>
     <span class='ocr_line' id='line_1_91' title="bbox 1471 3388 2535 3454; baseline 0 -17"><span class='ocrx_word' id='word_1_520' title='bbox 1471 3401 1560 3437; x_wconf 86' lang='grc' dir='ltr'><strong>ιιι.</strong></span> <span class='ocrx_word' id='word_1_521' title='bbox 1582 3391 1700 3437; x_wconf 85' lang='grc'><strong>694.</strong></span> <span class='ocrx_word' id='word_1_522' title='bbox 1726 3391 1743 3416; x_wconf 85' lang='lat'>⁸</span> <span class='ocrx_word' id='word_1_523' title='bbox 1766 3388 1923 3438; x_wconf 86' lang='lat' dir='ltr'>Nunc</span> <span class='ocrx_word' id='word_1_524' title='bbox 1949 3388 2015 3438; x_wconf 85' lang='lat' dir='ltr'>ad</span> <span class='ocrx_word' id='word_1_525' title='bbox 2040 3390 2201 3453; x_wconf 82' lang='lat' dir='ltr'>ripas,</span> <span class='ocrx_word' id='word_1_526' title='bbox 2221 3390 2535 3454; x_wconf 82' lang='lat' dir='ltr'>dejectaque</span> 
     </span>
     <span class='ocr_line' id='line_1_92' title="bbox 1469 3465 2538 3529; baseline 0.001 -15"><span class='ocrx_word' id='word_1_527' title='bbox 1469 3465 1606 3514; x_wconf 81' lang='lat' dir='ltr'>saxis</span> <span class='ocrx_word' id='word_1_528' title='bbox 1646 3465 1920 3515; x_wconf 86' lang='lat' dir='ltr'>Flumina.’</span> <span class='ocrx_word' id='word_1_529' title='bbox 1961 3466 2166 3515; x_wconf 84' lang='lat' dir='ltr'>Seneca</span> <span class='ocrx_word' id='word_1_530' title='bbox 2207 3467 2425 3529; x_wconf 79' lang='lat' dir='ltr'>Thyest.</span> <span class='ocrx_word' id='word_1_531' title='bbox 2458 3480 2538 3515; x_wconf 79' lang='lat' dir='ltr'>vs.</span> 
     </span>
     <span class='ocr_line' id='line_1_93' title="bbox 1470 3542 2535 3608; baseline 0 -16"><span class='ocrx_word' id='word_1_532' title='bbox 1470 3545 1587 3592; x_wconf 77' lang='grc'><strong>803.</strong></span> <span class='ocrx_word' id='word_1_533' title='bbox 1608 3542 1748 3591; x_wconf 82' lang='lat' dir='ltr'>Veli.</span> <span class='ocrx_word' id='word_1_534' title='bbox 1771 3555 1837 3591; x_wconf 90' lang='grc' dir='ltr'>ιι.</span> <span class='ocrx_word' id='word_1_535' title='bbox 1867 3546 1951 3593; x_wconf 83' lang='grc'><strong>24.</strong></span> <span class='ocrx_word' id='word_1_536' title='bbox 1988 3544 2017 3607; x_wconf 80' lang='lat'>§</span> <span class='ocrx_word' id='word_1_537' title='bbox 2039 3546 2091 3591; x_wconf 87' lang='grc'>2.</span> <span class='ocrx_word' id='word_1_538' title='bbox 2124 3550 2181 3594; x_wconf 88' lang='lat' dir='ltr'>et</span> <span class='ocrx_word' id='word_1_539' title='bbox 2217 3545 2255 3593; x_wconf 90' lang='lat' dir='ltr'>l.</span> <span class='ocrx_word' id='word_1_540' title='bbox 2279 3548 2359 3594; x_wconf 84' lang='lat'>15.</span> <span class='ocrx_word' id='word_1_541' title='bbox 2397 3545 2426 3608; x_wconf 60' lang='grc' dir='ltr'><strong>ς</strong></span> <span class='ocrx_word' id='word_1_542' title='bbox 2449 3547 2535 3594; x_wconf 80' lang='grc'>28.</span> 
     </span>
     <span class='ocr_line' id='line_1_94' title="bbox 1468 3617 2263 3671; baseline 0 -2"><span class='ocrx_word' id='word_1_543' title='bbox 1468 3617 1527 3669; x_wconf 79' lang='lat' dir='ltr'>ff.</span> <span class='ocrx_word' id='word_1_544' title='bbox 1545 3618 1614 3668; x_wconf 87' lang='lat' dir='ltr'>de</span> <span class='ocrx_word' id='word_1_545' title='bbox 1636 3617 1844 3669; x_wconf 82' lang='lat' dir='ltr'>Damno</span> <span class='ocrx_word' id='word_1_546' title='bbox 1862 3618 2054 3669; x_wconf 82' lang='lat' dir='ltr'>quect.</span> <span class='ocrx_word' id='word_1_547' title='bbox 2084 3620 2263 3671; x_wconf 67' lang='lat' dir='ltr'>Arna.</span> 
     </span>
    </p>

    <p class='ocr_par' dir='ltr' id='par_1_16' title="bbox 1469 3694 2541 4456">
     <span class='ocr_line' id='line_1_95' title="bbox 1536 3694 2537 3759; baseline 0.001 -14"><span class='ocrx_word' id='word_1_548' title='bbox 1536 3695 1689 3759; x_wconf 73' lang='lat' dir='ltr'>AEno]</span> <span class='ocrx_word' id='word_1_549' title='bbox 1721 3695 1860 3746; x_wconf 87' lang='lat' dir='ltr'>Urbs</span> <span class='ocrx_word' id='word_1_550' title='bbox 1883 3702 1965 3745; x_wconf 88' lang='lat' dir='ltr'>est</span> <span class='ocrx_word' id='word_1_551' title='bbox 1985 3694 2179 3746; x_wconf 65' lang='lat' dir='ltr'>Sicilia</span> <span class='ocrx_word' id='word_1_552' title='bbox 2201 3698 2267 3747; x_wconf 91' lang='lat' dir='ltr'>ad</span> <span class='ocrx_word' id='word_1_553' title='bbox 2291 3695 2537 3748; x_wconf 80' lang='lat' dir='ltr'>differen-</span> 
     </span>
     <span class='ocr_line' id='line_1_96' title="bbox 1471 3773 2538 3831; baseline 0.003 -10"><span class='ocrx_word' id='word_1_554' title='bbox 1471 3773 1599 3831; x_wconf 75' lang='lat' dir='ltr'>tiam</span> <span class='ocrx_word' id='word_1_555' title='bbox 1612 3773 1781 3824; x_wconf 74' lang='lat' dir='ltr'>AEtuoe</span> <span class='ocrx_word' id='word_1_556' title='bbox 1798 3775 2006 3824; x_wconf 87' lang='lat' dir='ltr'>montis.</span> <span class='ocrx_word' id='word_1_557' title='bbox 2041 3774 2162 3824; x_wconf 83' lang='lat' dir='ltr'>Val.</span> <span class='ocrx_word' id='word_1_558' title='bbox 2181 3776 2444 3825; x_wconf 84' lang='lat' dir='ltr'>Maximus</span> <span class='ocrx_word' id='word_1_559' title='bbox 2467 3774 2538 3824; x_wconf 82' lang='lat' dir='ltr'>de</span> 
     </span>
     <span class='ocr_line' id='line_1_97' title="bbox 1470 3851 2538 3916; baseline 0.001 -16"><span class='ocrx_word' id='word_1_560' title='bbox 1470 3852 1618 3900; x_wconf 90' lang='lat' dir='ltr'>cultu</span> <span class='ocrx_word' id='word_1_561' title='bbox 1636 3851 1888 3912; x_wconf 88' lang='lat' dir='ltr'>Deorum,</span> <span class='ocrx_word' id='word_1_562' title='bbox 1907 3857 1923 3881; x_wconf 82' lang='lat'>‘</span> <span class='ocrx_word' id='word_1_563' title='bbox 1941 3851 2144 3912; x_wconf 82' lang='lat' dir='ltr'>AEnam,</span> <span class='ocrx_word' id='word_1_564' title='bbox 2163 3853 2406 3916; x_wconf 91' lang='lat' dir='ltr'>quoniam</span> <span class='ocrx_word' id='word_1_565' title='bbox 2423 3851 2538 3914; x_wconf 85' lang='lat' dir='ltr'>ejus</span> 
     </span>
     <span class='ocr_line' id='line_1_98' title="bbox 1471 3926 2536 3992; baseline -0.002 -14"><span class='ocrx_word' id='word_1_566' title='bbox 1471 3942 1620 3978; x_wconf 86' lang='lat' dir='ltr'>sacra</span> <span class='ocrx_word' id='word_1_567' title='bbox 1636 3928 1759 3978; x_wconf 88' lang='lat' dir='ltr'>inde</span> <span class='ocrx_word' id='word_1_568' title='bbox 1774 3936 1891 3978; x_wconf 85' lang='lat' dir='ltr'>orta</span> <span class='ocrx_word' id='word_1_569' title='bbox 1910 3929 2216 3986; x_wconf 78' lang='lat' dir='ltr'>credebaut,</span> <span class='ocrx_word' id='word_1_570' title='bbox 2238 3926 2536 3992; x_wconf 89' lang='lat' dir='ltr'>quindecim</span> 
     </span>
     <span class='ocr_line' id='line_1_99' title="bbox 1473 4001 2540 4069; baseline -0.005 -15"><span class='ocrx_word' id='word_1_571' title='bbox 1473 4006 1609 4055; x_wconf 82' lang='lat' dir='ltr'>viros</span> <span class='ocrx_word' id='word_1_572' title='bbox 1624 4005 1691 4055; x_wconf 89' lang='lat' dir='ltr'>ad</span> <span class='ocrx_word' id='word_1_573' title='bbox 1708 4020 1821 4054; x_wconf 86' lang='lat' dir='ltr'>eam</span> <span class='ocrx_word' id='word_1_574' title='bbox 1837 4005 2220 4069; x_wconf 86' lang='lat' dir='ltr'>propitiandam</span> <span class='ocrx_word' id='word_1_575' title='bbox 2239 4005 2485 4053; x_wconf 85' lang='lat' dir='ltr'>miserant</span> <span class='ocrx_word' id='word_1_576' title='bbox 2505 4001 2540 4049; x_wconf 84' lang='lat'>:’</span> 
     </span>
     <span class='ocr_line' id='line_1_100' title="bbox 1471 4080 2539 4143; baseline -0.004 -11"><span class='ocrx_word' id='word_1_577' title='bbox 1471 4085 1598 4134; x_wconf 86' lang='lat' dir='ltr'>licet</span> <span class='ocrx_word' id='word_1_578' title='bbox 1620 4082 1706 4132; x_wconf 90' lang='lat' dir='ltr'>slii</span> <span class='ocrx_word' id='word_1_579' title='bbox 1728 4083 1887 4131; x_wconf 88' lang='lat' dir='ltr'>etiam</span> <span class='ocrx_word' id='word_1_580' title='bbox 1906 4081 2135 4131; x_wconf 62' lang='lat' dir='ltr'>AEthnam</span> <span class='ocrx_word' id='word_1_581' title='bbox 2160 4083 2348 4143; x_wconf 78' lang='lat' dir='ltr'>legant.</span> <span class='ocrx_word' id='word_1_582' title='bbox 2369 4080 2539 4129; x_wconf 73' lang='lat' dir='ltr'>Maeli.</span> 
     </span>
     <span class='ocr_line' id='line_1_101' title="bbox 1469 4157 2535 4222; baseline -0.002 -14"><span class='ocrx_word' id='word_1_583' title='bbox 1469 4160 1685 4222; x_wconf 71' lang='lat' dir='ltr'>vulgati</span> <span class='ocrx_word' id='word_1_584' title='bbox 1707 4160 1862 4209; x_wconf 76' lang='lat' dir='ltr'>AEtua</span> <span class='ocrx_word' id='word_1_585' title='bbox 1887 4160 2035 4222; x_wconf 90' lang='lat' dir='ltr'>quasi</span> <span class='ocrx_word' id='word_1_586' title='bbox 2066 4159 2198 4208; x_wconf 77' lang='lat' dir='ltr'>AEms</span> <span class='ocrx_word' id='word_1_587' title='bbox 2219 4157 2500 4221; x_wconf 82' lang='lat' dir='ltr'>subjiciunt</span> <span class='ocrx_word' id='word_1_588' title='bbox 2521 4173 2535 4206; x_wconf 69' lang='grc' dir='ltr'><strong><em>ε</em></strong></span> 
     </span>
     <span class='ocr_line' id='line_1_102' title="bbox 1472 4232 2538 4295; baseline -0.004 -9"><span class='ocrx_word' id='word_1_589' title='bbox 1472 4239 1525 4286; x_wconf 89' lang='lat' dir='ltr'>in</span> <span class='ocrx_word' id='word_1_590' title='bbox 1570 4251 1674 4287; x_wconf 91' lang='lat' dir='ltr'>uuo</span> <span class='ocrx_word' id='word_1_591' title='bbox 1718 4239 1854 4286; x_wconf 87' lang='lat' dir='ltr'>Msc.</span> <span class='ocrx_word' id='word_1_592' title='bbox 1900 4235 2091 4295; x_wconf 78' lang='lat' dir='ltr'>Herna,</span> <span class='ocrx_word' id='word_1_593' title='bbox 2145 4236 2197 4283; x_wconf 88' lang='lat' dir='ltr'>iu</span> <span class='ocrx_word' id='word_1_594' title='bbox 2249 4232 2538 4282; x_wconf 72' lang='lat' dir='ltr'>Mediolon.</span> 
     </span>
     <span class='ocr_line' id='line_1_103' title="bbox 1474 4309 2535 4376; baseline -0.001 -14"><span class='ocrx_word' id='word_1_595' title='bbox 1474 4314 1638 4362; x_wconf 81' lang='lat' dir='ltr'>AEmtu</span> <span class='ocrx_word' id='word_1_596' title='bbox 1658 4315 1908 4376; x_wconf 86' lang='lat' dir='ltr'>scriptum</span> <span class='ocrx_word' id='word_1_597' title='bbox 1935 4311 2122 4374; x_wconf 86' lang='lat' dir='ltr'>reperi.</span> <span class='ocrx_word' id='word_1_598' title='bbox 2147 4309 2336 4361; x_wconf 86' lang='lat' dir='ltr'>Strabo</span> <span class='ocrx_word' id='word_1_599' title='bbox 2353 4309 2441 4359; x_wconf 86' lang='lat' dir='ltr'>lib.</span> <span class='ocrx_word' id='word_1_600' title='bbox 2456 4323 2535 4361; x_wconf 80' lang='lat' dir='ltr'>vl.</span> 
     </span>
     <span class='ocr_line' id='line_1_104' title="bbox 1474 4387 2541 4456; baseline -0.004 -15"><span class='ocrx_word' id='word_1_601' title='bbox 1474 4398 1530 4441; x_wconf 87' lang='lat' dir='ltr'>et</span> <span class='ocrx_word' id='word_1_602' title='bbox 1546 4391 1842 4456; x_wconf 80' lang='lat' dir='ltr'>Stephanus</span> <span class='ocrx_word' id='word_1_603' title='bbox 1863 4389 1976 4441; x_wconf 83' lang='lat' dir='ltr'>siue</span> <span class='ocrx_word' id='word_1_604' title='bbox 1997 4390 2336 4453; x_wconf 80' lang='lat' dir='ltr'>diphthongo.</span> <span class='ocrx_word' id='word_1_605' title='bbox 2387 4387 2541 4437; x_wconf 79' lang='lat' dir='ltr'>AEtms</span> 
     </span>
    </p>
   </div>
  </div>
 </body>
</html>
