<?xml version="1.0" encoding="UTF-8"?>
<!DOCTYPE html PUBLIC "-//W3C//DTD XHTML 1.0 Transitional//EN"
    "http://www.w3.org/TR/xhtml1/DTD/xhtml1-transitional.dtd">
<html xmlns="http://www.w3.org/1999/xhtml" xml:lang="en" lang="en">
 <head>
  <title>
</title>
<meta http-equiv="Content-Type" content="text/html;charset=utf-8" />
  <meta name='ocr-system' content='tesseract 3.04.00' />
  <meta name='ocr-capabilities' content='ocr_page ocr_carea ocr_par ocr_line ocrx_word'/>
</head>
<body>
  <div class='ocr_page' id='page_1' title='image "./sextiaureliivic00valpgoog_0048.png"; bbox 0 0 3025 4934; ppageno 0'>
   <div class='ocr_carea' id='block_1_1' title="bbox 349 350 574 416">
    <p class='ocr_par' dir='ltr' id='par_1_1' title="bbox 349 350 574 416">
     <span class='ocr_line' id='line_1_1' title="bbox 349 350 574 416; baseline 0.004 -1"><span class='ocrx_word' id='word_1_1' title='bbox 349 350 574 416; x_wconf 78' lang='lat'><strong>·492</strong></span> 
     </span>
    </p>
   </div>
   <div class='ocr_carea' id='block_1_2' title="bbox 376 506 1511 3790">
    <p class='ocr_par' dir='ltr' id='par_1_2' title="bbox 442 506 1507 1096">
     <span class='ocr_line' id='line_1_2' title="bbox 442 506 1502 575; baseline 0.006 -19"><span class='ocrx_word' id='word_1_2' title='bbox 442 506 604 571; x_wconf 65' lang='grc' dir='ltr'><strong><em>τύχην</em></strong></span> <span class='ocrx_word' id='word_1_3' title='bbox 638 509 873 575; x_wconf 76' lang='lat' dir='ltr'><strong>Scaliger</strong></span> <span class='ocrx_word' id='word_1_4' title='bbox 915 515 1058 560; x_wconf 85' lang='lat' dir='ltr'><strong>reete</strong></span> <span class='ocrx_word' id='word_1_5' title='bbox 1092 510 1340 575; x_wconf 76' lang='lat' dir='ltr'><strong>corrigit3</strong></span> <span class='ocrx_word' id='word_1_6' title='bbox 1376 510 1502 562; x_wconf 87' lang='lat' dir='ltr'><strong>item</strong></span> 
     </span>
     <span class='ocr_line' id='line_1_3' title="bbox 446 585 1504 652; baseline 0.004 -20"><span class='ocrx_word' id='word_1_7' title='bbox 446 586 614 636; x_wconf 85' lang='lat' dir='ltr'><strong>Varro</strong></span> <span class='ocrx_word' id='word_1_8' title='bbox 635 585 703 634; x_wconf 87' lang='lat' dir='ltr'><strong>de</strong></span> <span class='ocrx_word' id='word_1_9' title='bbox 725 587 786 636; x_wconf 75' lang='grc' dir='ltr'><strong>Ι..</strong></span> <span class='ocrx_word' id='word_1_10' title='bbox 821 587 882 636; x_wconf 71' lang='lat'><strong>1..</strong></span> <span class='ocrx_word' id='word_1_11' title='bbox 918 600 994 636; x_wconf 80' lang='lat' dir='ltr'><strong>tv.</strong></span> <span class='ocrx_word' id='word_1_12' title='bbox 1031 586 1274 644; x_wconf 56' lang='lat' dir='ltr'><strong>‘Tertiass</strong></span> <span class='ocrx_word' id='word_1_13' title='bbox 1312 589 1504 652; x_wconf 86' lang='lat' dir='ltr'><strong>iuquit,</strong></span> 
     </span>
     <span class='ocr_line' id='line_1_4' title="bbox 444 655 1505 726; baseline 0.003 -16"><span class='ocrx_word' id='word_1_14' title='bbox 444 666 461 690; x_wconf 85' lang='lat'>‘</span> <span class='ocrx_word' id='word_1_15' title='bbox 476 670 560 717; x_wconf 75' lang='lat' dir='ltr'><strong>est</strong></span> <span class='ocrx_word' id='word_1_16' title='bbox 578 655 832 720; x_wconf 77' lang='lat' dir='ltr'><strong>Janualis,</strong></span> <span class='ocrx_word' id='word_1_17' title='bbox 855 664 998 713; x_wconf 87' lang='lat' dir='ltr'><strong>dicta</strong></span> <span class='ocrx_word' id='word_1_18' title='bbox 1017 662 1084 712; x_wconf 83' lang='lat' dir='ltr'><strong>ab</strong></span> <span class='ocrx_word' id='word_1_19' title='bbox 1103 662 1140 714; x_wconf 85' lang='lat' dir='ltr'>J</span> <span class='ocrx_word' id='word_1_20' title='bbox 1145 678 1276 726; x_wconf 84' lang='lat' dir='ltr'><strong>ano;</strong></span> <span class='ocrx_word' id='word_1_21' title='bbox 1309 671 1365 714; x_wconf 86' lang='grc' dir='ltr'><strong>ει</strong></span> <span class='ocrx_word' id='word_1_22' title='bbox 1388 663 1505 713; x_wconf 83' lang='lat' dir='ltr'><strong>ideo</strong></span> 
     </span>
     <span class='ocr_line' id='line_1_5' title="bbox 443 737 1503 804; baseline 0.003 -17"><span class='ocrx_word' id='word_1_23' title='bbox 443 737 516 789; x_wconf 84' lang='lat' dir='ltr'><strong>ihi</strong></span> <span class='ocrx_word' id='word_1_24' title='bbox 534 740 760 801; x_wconf 85' lang='lat' dir='ltr'><strong>positum</strong></span> <span class='ocrx_word' id='word_1_25' title='bbox 782 739 907 792; x_wconf 84' lang='lat' dir='ltr'><strong>Jani</strong></span> <span class='ocrx_word' id='word_1_26' title='bbox 927 740 1148 804; x_wconf 79' lang='lat' dir='ltr'><strong>siguum,</strong></span> <span class='ocrx_word' id='word_1_27' title='bbox 1179 749 1232 790; x_wconf 79' lang='lat' dir='ltr'><strong>et</strong></span> <span class='ocrx_word' id='word_1_28' title='bbox 1246 741 1332 804; x_wconf 83' lang='lat' dir='ltr'><strong>jus</strong></span> <span class='ocrx_word' id='word_1_29' title='bbox 1355 742 1503 790; x_wconf 86' lang='lat' dir='ltr'><strong>iusti-</strong></span> 
     </span>
     <span class='ocr_line' id='line_1_6' title="bbox 446 815 1506 879; baseline 0.004 -16"><span class='ocrx_word' id='word_1_30' title='bbox 446 822 617 865; x_wconf 87' lang='lat' dir='ltr'><strong>tutum</strong></span> <span class='ocrx_word' id='word_1_31' title='bbox 651 830 681 864; x_wconf 81' lang='lat' dir='ltr'><strong>a</strong></span> <span class='ocrx_word' id='word_1_32' title='bbox 703 816 882 866; x_wconf 84' lang='lat' dir='ltr'><strong>Numa</strong></span> <span class='ocrx_word' id='word_1_33' title='bbox 916 815 1194 879; x_wconf 81' lang='lat' dir='ltr'><strong>Pompilio,</strong></span> <span class='ocrx_word' id='word_1_34' title='bbox 1228 825 1286 865; x_wconf 89' lang='grc' dir='ltr'><strong>ιιι</strong></span> <span class='ocrx_word' id='word_1_35' title='bbox 1321 815 1506 868; x_wconf 75' lang='lat' dir='ltr'>scribit</span> 
     </span>
     <span class='ocr_line' id='line_1_7' title="bbox 444 889 1507 953; baseline 0.007 -15"><span class='ocrx_word' id='word_1_36' title='bbox 444 890 499 939; x_wconf 88' lang='lat' dir='ltr'><strong>in</strong></span> <span class='ocrx_word' id='word_1_37' title='bbox 530 889 818 941; x_wconf 71' lang='lat' dir='ltr'>Annalibus</span> <span class='ocrx_word' id='word_1_38' title='bbox 857 891 919 941; x_wconf 83' lang='grc' dir='ltr'><strong>Ι..</strong></span> <span class='ocrx_word' id='word_1_39' title='bbox 955 891 1100 953; x_wconf 89' lang='lat' dir='ltr'><strong>Piso,</strong></span> <span class='ocrx_word' id='word_1_40' title='bbox 1132 901 1192 942; x_wconf 88' lang='lat' dir='ltr'><strong>nt</strong></span> <span class='ocrx_word' id='word_1_41' title='bbox 1223 893 1294 943; x_wconf 82' lang='lat' dir='ltr'><strong>sit</strong></span> <span class='ocrx_word' id='word_1_42' title='bbox 1327 895 1507 945; x_wconf 76' lang='lat' dir='ltr'><strong>clausa</strong></span> 
     </span>
     <span class='ocr_line' id='line_1_8' title="bbox 444 966 1507 1031; baseline 0.004 -14"><span class='ocrx_word' id='word_1_43' title='bbox 444 979 670 1031; x_wconf 78' lang='lat' dir='ltr'><strong>semper,</strong></span> <span class='ocrx_word' id='word_1_44' title='bbox 701 967 798 1016; x_wconf 82' lang='lat' dir='ltr'><strong>nisi</strong></span> <span class='ocrx_word' id='word_1_45' title='bbox 851 982 970 1018; x_wconf 86' lang='lat' dir='ltr'><strong>cum</strong></span> <span class='ocrx_word' id='word_1_46' title='bbox 1014 966 1207 1019; x_wconf 85' lang='lat' dir='ltr'><strong>bellum</strong></span> <span class='ocrx_word' id='word_1_47' title='bbox 1249 968 1356 1028; x_wconf 83' lang='lat' dir='ltr'><strong>sit‚&#39;</strong></span> <span class='ocrx_word' id='word_1_48' title='bbox 1405 972 1507 1021; x_wconf 74' lang='lat' dir='ltr'><strong>&amp;e-</strong></span> 
     </span>
     <span class='ocr_line' id='line_1_9' title="bbox 446 1043 1343 1096; baseline 0.004 -3"><span class='ocrx_word' id='word_1_49' title='bbox 446 1043 634 1096; x_wconf 70' lang='lat' dir='ltr'><strong>Schott.</strong></span> <span class='ocrx_word' id='word_1_50' title='bbox 1338 1080 1343 1085; x_wconf 96' lang='lat'>-</span> 
     </span>
    </p>

    <p class='ocr_par' dir='ltr' id='par_1_3' title="bbox 443 1121 1507 1860">
     <span class='ocr_line' id='line_1_10' title="bbox 510 1121 1503 1188; baseline 0.008 -20"><span class='ocrx_word' id='word_1_51' title='bbox 510 1121 639 1169; x_wconf 79' lang='lat' dir='ltr'><strong>Jono</strong></span> <span class='ocrx_word' id='word_1_52' title='bbox 667 1122 880 1187; x_wconf 70' lang='lat' dir='ltr'><strong>gemino]</strong></span> <span class='ocrx_word' id='word_1_53' title='bbox 900 1122 1123 1173; x_wconf 83' lang='lat' dir='ltr'><strong>Ovidius</strong></span> <span class='ocrx_word' id='word_1_54' title='bbox 1163 1123 1331 1188; x_wconf 88' lang='lat' dir='ltr'><strong>primo</strong></span> <span class='ocrx_word' id='word_1_55' title='bbox 1360 1125 1503 1178; x_wconf 80' lang='lat' dir='ltr'><strong>Fast.</strong></span> 
     </span>
     <span class='ocr_line' id='line_1_11' title="bbox 447 1196 1504 1267; baseline 0.008 -22"><span class='ocrx_word' id='word_1_56' title='bbox 447 1201 463 1224; x_wconf 82' lang='lat'>‘</span> <span class='ocrx_word' id='word_1_57' title='bbox 478 1196 707 1246; x_wconf 83' lang='lat' dir='ltr'><strong>Nomina</strong></span> <span class='ocrx_word' id='word_1_58' title='bbox 730 1198 956 1263; x_wconf 82' lang='lat' dir='ltr'><strong>ridebis;</strong></span> <span class='ocrx_word' id='word_1_59' title='bbox 991 1200 1146 1251; x_wconf 80' lang='lat' dir='ltr'><strong>motio</strong></span> <span class='ocrx_word' id='word_1_60' title='bbox 1161 1216 1383 1267; x_wconf 79' lang='lat' dir='ltr'><strong>namque</strong></span> <span class='ocrx_word' id='word_1_61' title='bbox 1403 1203 1504 1252; x_wconf 88' lang='lat' dir='ltr'><strong>Pa-</strong></span> 
     </span>
     <span class='ocr_line' id='line_1_12' title="bbox 446 1273 1505 1337; baseline 0.008 -16"><span class='ocrx_word' id='word_1_62' title='bbox 446 1273 637 1333; x_wconf 81' lang='lat' dir='ltr'><strong>tulcius</strong></span> <span class='ocrx_word' id='word_1_63' title='bbox 650 1274 817 1337; x_wconf 77' lang='lat' dir='ltr'><strong>idem,</strong></span> <span class='ocrx_word' id='word_1_64' title='bbox 841 1277 910 1326; x_wconf 87' lang='lat' dir='ltr'><strong>Et</strong></span> <span class='ocrx_word' id='word_1_65' title='bbox 934 1278 1091 1328; x_wconf 87' lang='lat' dir='ltr'><strong>modo</strong></span> <span class='ocrx_word' id='word_1_66' title='bbox 1121 1278 1359 1330; x_wconf 79' lang='lat' dir='ltr'><strong>sacrifico</strong></span> <span class='ocrx_word' id='word_1_67' title='bbox 1383 1279 1505 1330; x_wconf 83' lang='lat' dir='ltr'><strong>Clu·</strong></span> 
     </span>
     <span class='ocr_line' id='line_1_13' title="bbox 448 1349 1507 1418; baseline 0.009 -22"><span class='ocrx_word' id='word_1_68' title='bbox 448 1349 551 1397; x_wconf 85' lang='lat' dir='ltr'><strong>sius</strong></span> <span class='ocrx_word' id='word_1_69' title='bbox 571 1364 661 1407; x_wconf 80' lang='lat' dir='ltr'><strong>ore</strong></span> <span class='ocrx_word' id='word_1_70' title='bbox 685 1352 884 1403; x_wconf 80' lang='lat' dir='ltr'><strong>vocor.&#39;</strong></span> <span class='ocrx_word' id='word_1_71' title='bbox 914 1354 1080 1405; x_wconf 79' lang='grc' dir='ltr'>ΜασΙι.</span> <span class='ocrx_word' id='word_1_72' title='bbox 1145 1355 1278 1405; x_wconf 76' lang='lat' dir='ltr'><strong>Jano</strong></span> <span class='ocrx_word' id='word_1_73' title='bbox 1297 1357 1507 1418; x_wconf 62' lang='lat' dir='ltr'><strong>germinio</strong></span> 
     </span>
     <span class='ocr_line' id='line_1_14' title="bbox 446 1425 1507 1494; baseline 0.008 -20"><span class='ocrx_word' id='word_1_74' title='bbox 446 1425 617 1476; x_wconf 68' lang='lat' dir='ltr'><strong>codex</strong></span> <span class='ocrx_word' id='word_1_75' title='bbox 653 1427 922 1478; x_wconf 75' lang='lat' dir='ltr'><strong>Parisinus</strong></span> <span class='ocrx_word' id='word_1_76' title='bbox 946 1445 1042 1494; x_wconf 88' lang='lat' dir='ltr'><strong>pro</strong></span> <span class='ocrx_word' id='word_1_77' title='bbox 1077 1432 1208 1481; x_wconf 80' lang='lat' dir='ltr'><strong>Jano</strong></span> <span class='ocrx_word' id='word_1_78' title='bbox 1224 1433 1430 1494; x_wconf 75' lang='lat' dir='ltr'><strong>gemino,</strong></span> <span class='ocrx_word' id='word_1_79' title='bbox 1453 1432 1507 1482; x_wconf 80' lang='lat' dir='ltr'><strong>id</strong></span> 
     </span>
     <span class='ocr_line' id='line_1_15' title="bbox 446 1501 1507 1570; baseline 0.009 -21"><span class='ocrx_word' id='word_1_80' title='bbox 446 1510 545 1558; x_wconf 81' lang='lat' dir='ltr'><strong>est,</strong></span> <span class='ocrx_word' id='word_1_81' title='bbox 571 1504 588 1530; x_wconf 87' lang='lat'>‘</span> <span class='ocrx_word' id='word_1_82' title='bbox 604 1501 866 1556; x_wconf 65' lang='lat' dir='ltr'><strong>bifronte!</strong></span> <span class='ocrx_word' id='word_1_83' title='bbox 887 1505 1077 1557; x_wconf 64' lang='lat' dir='ltr'><strong>Solam.</strong></span> <span class='ocrx_word' id='word_1_84' title='bbox 1130 1509 1271 1557; x_wconf 79' lang='lat' dir='ltr'><strong>-Jano</strong></span> <span class='ocrx_word' id='word_1_85' title='bbox 1288 1508 1507 1570; x_wconf 69' lang='lat' dir='ltr'><strong>geminas</strong></span> 
     </span>
     <span class='ocr_line' id='line_1_16' title="bbox 447 1578 1507 1651; baseline 0.008 -23"><span class='ocrx_word' id='word_1_86' title='bbox 447 1585 530 1628; x_wconf 83' lang='lat' dir='ltr'><strong>est</strong></span> <span class='ocrx_word' id='word_1_87' title='bbox 552 1578 606 1628; x_wconf 88' lang='lat' dir='ltr'><strong>in</strong></span> <span class='ocrx_word' id='word_1_88' title='bbox 628 1580 701 1633; x_wconf 87' lang='lat' dir='ltr'><strong>H·</strong></span> <span class='ocrx_word' id='word_1_89' title='bbox 721 1589 776 1630; x_wconf 88' lang='lat' dir='ltr'><strong>et</strong></span> <span class='ocrx_word' id='word_1_90' title='bbox 799 1581 946 1631; x_wconf 83' lang='lat' dir='ltr'><strong>Leid.</strong></span> <span class='ocrx_word' id='word_1_91' title='bbox 968 1588 1018 1633; x_wconf 85' lang='lat'><strong>2.</strong></span> <span class='ocrx_word' id='word_1_92' title='bbox 1050 1598 1147 1634; x_wconf 83' lang='lat' dir='ltr'><strong>neo</strong></span> <span class='ocrx_word' id='word_1_93' title='bbox 1177 1585 1360 1635; x_wconf 82' lang='lat' dir='ltr'><strong>melius</strong></span> <span class='ocrx_word' id='word_1_94' title='bbox 1381 1601 1507 1651; x_wconf 82' lang='lat' dir='ltr'><strong>qua-</strong></span> 
     </span>
     <span class='ocr_line' id='line_1_17' title="bbox 446 1656 1509 1725; baseline 0.008 -20"><span class='ocrx_word' id='word_1_95' title='bbox 446 1662 566 1711; x_wconf 80' lang='lat' dir='ltr'><strong>tuor</strong></span> <span class='ocrx_word' id='word_1_96' title='bbox 586 1656 668 1707; x_wconf 80' lang='lat' dir='ltr'><strong>hae</strong></span> <span class='ocrx_word' id='word_1_97' title='bbox 694 1673 846 1709; x_wconf 81' lang='lat' dir='ltr'><strong>voces</strong></span> <span class='ocrx_word' id='word_1_98' title='bbox 876 1666 1041 1724; x_wconf 77' lang='lat' dir='ltr'><strong>portas</strong></span> <span class='ocrx_word' id='word_1_99' title='bbox 1070 1663 1198 1712; x_wconf 74' lang='lat' dir='ltr'><strong>Juno</strong></span> <span class='ocrx_word' id='word_1_100' title='bbox 1226 1663 1421 1725; x_wconf 74' lang='lat' dir='ltr'><strong>gemino</strong></span> <span class='ocrx_word' id='word_1_101' title='bbox 1440 1679 1509 1713; x_wconf 72' lang='grc' dir='ltr'><strong>ω-</strong></span> 
     </span>
     <span class='ocr_line' id='line_1_18' title="bbox 443 1732 1506 1801; baseline 0.009 -20"><span class='ocrx_word' id='word_1_102' title='bbox 443 1732 660 1798; x_wconf 59' lang='grc' dir='ltr'>ᾱψσαυέι</span> <span class='ocrx_word' id='word_1_103' title='bbox 679 1749 779 1784; x_wconf 87' lang='lat' dir='ltr'><strong>non</strong></span> <span class='ocrx_word' id='word_1_104' title='bbox 803 1744 1060 1801; x_wconf 83' lang='lat' dir='ltr'><strong>apparent</strong></span> <span class='ocrx_word' id='word_1_105' title='bbox 1081 1739 1132 1789; x_wconf 86' lang='lat' dir='ltr'><strong>in</strong></span> <span class='ocrx_word' id='word_1_106' title='bbox 1153 1739 1356 1789; x_wconf 84' lang='lat' dir='ltr'><strong>Boend.</strong></span> <span class='ocrx_word' id='word_1_107' title='bbox 1373 1739 1506 1790; x_wconf 75' lang='lat' dir='ltr'><strong>Ant·</strong></span> 
     </span>
     <span class='ocr_line' id='line_1_19' title="bbox 444 1811 1051 1860; baseline 0.008 -2"><span class='ocrx_word' id='word_1_108' title='bbox 444 1811 644 1860; x_wconf 70' lang='grc' dir='ltr'><strong><em>ἱτελέω.</em></strong></span> <span class='ocrx_word' id='word_1_109' title='bbox 706 1838 715 1848; x_wconf 90' lang='grc'><em>·</em></span> <span class='ocrx_word' id='word_1_110' title='bbox 1046 1840 1051 1847; x_wconf 86' lang='grc'><em>·</em></span> 
     </span>
    </p>

    <p class='ocr_par' dir='ltr' id='par_1_4' title="bbox 448 1886 1505 2016">
     <span class='ocr_line' id='line_1_20' title="bbox 509 1886 1505 1958; baseline 0.006 -21"><span class='ocrx_word' id='word_1_111' title='bbox 509 1886 697 1952; x_wconf 75' lang='lat' dir='ltr'><strong>Annos]</strong></span> <span class='ocrx_word' id='word_1_112' title='bbox 718 1889 838 1940; x_wconf 86' lang='lat' dir='ltr'><strong>Nou</strong></span> <span class='ocrx_word' id='word_1_113' title='bbox 860 1905 1053 1955; x_wconf 75' lang='lat' dir='ltr'><strong>annum,</strong></span> <span class='ocrx_word' id='word_1_114' title='bbox 1067 1897 1127 1941; x_wconf 87' lang='lat' dir='ltr'><strong>ut</strong></span> <span class='ocrx_word' id='word_1_115' title='bbox 1147 1890 1372 1958; x_wconf 81' lang='lat' dir='ltr'><strong>quidam.</strong></span> <span class='ocrx_word' id='word_1_116' title='bbox 1407 1892 1505 1943; x_wconf 85' lang='lat' dir='ltr'><strong>Ni-</strong></span> 
     </span>
     <span class='ocr_line' id='line_1_21' title="bbox 448 1961 1201 2016; baseline 0.009 -6"><span class='ocrx_word' id='word_1_117' title='bbox 448 1961 522 2011; x_wconf 89' lang='lat' dir='ltr'><strong>hil</strong></span> <span class='ocrx_word' id='word_1_118' title='bbox 547 1970 719 2014; x_wconf 81' lang='lat' dir='ltr'><strong>tamen</strong></span> <span class='ocrx_word' id='word_1_119' title='bbox 744 1974 903 2016; x_wconf 84' lang='lat' dir='ltr'><strong>muto.</strong></span> <span class='ocrx_word' id='word_1_120' title='bbox 928 1966 1118 2016; x_wconf 69' lang='lat' dir='ltr'><strong>&amp;lwtt-</strong></span> <span class='ocrx_word' id='word_1_121' title='bbox 1198 1992 1201 1997; x_wconf 95' lang='lat'>·</span> 
     </span>
    </p>

    <p class='ocr_par' dir='ltr' id='par_1_5' title="bbox 376 2040 1511 3239">
     <span class='ocr_line' id='line_1_22' title="bbox 512 2040 1509 2107; baseline 0.005 -18"><span class='ocrx_word' id='word_1_122' title='bbox 512 2040 578 2089; x_wconf 75' lang='lat' dir='ltr'><strong>In</strong></span> <span class='ocrx_word' id='word_1_123' title='bbox 608 2043 852 2091; x_wconf 75' lang='lat' dir='ltr'><strong><em>duodecim</em></strong></span> <span class='ocrx_word' id='word_1_124' title='bbox 884 2043 1087 2107; x_wconf 78' lang='lat' dir='ltr'><strong>menses]</strong></span> <span class='ocrx_word' id='word_1_125' title='bbox 1129 2044 1264 2094; x_wconf 82' lang='lat' dir='ltr'><strong>Nam</strong></span> <span class='ocrx_word' id='word_1_126' title='bbox 1301 2044 1444 2107; x_wconf 86' lang='lat' dir='ltr'><strong>prius</strong></span> <span class='ocrx_word' id='word_1_127' title='bbox 1477 2058 1509 2096; x_wconf 87' lang='lat' dir='ltr'><strong>a</strong></span> 
     </span>
     <span class='ocr_line' id='line_1_23' title="bbox 451 2115 1507 2173; baseline 0.007 -9"><span class='ocrx_word' id='word_1_128' title='bbox 451 2115 675 2173; x_wconf 80' lang='lat' dir='ltr'><strong>Romulo</strong></span> <span class='ocrx_word' id='word_1_129' title='bbox 708 2120 1023 2169; x_wconf 85' lang='lat' dir='ltr'><strong>constitutus</strong></span> <span class='ocrx_word' id='word_1_130' title='bbox 1053 2128 1137 2170; x_wconf 81' lang='lat' dir='ltr'><strong>est</strong></span> <span class='ocrx_word' id='word_1_131' title='bbox 1172 2119 1356 2171; x_wconf 82' lang='lat' dir='ltr'><strong>decem</strong></span> <span class='ocrx_word' id='word_1_132' title='bbox 1394 2129 1507 2171; x_wconf 83' lang='lat' dir='ltr'><strong>tan-</strong></span> 
     </span>
     <span class='ocr_line' id='line_1_24' title="bbox 448 2193 1508 2248; baseline 0.008 -9"><span class='ocrx_word' id='word_1_133' title='bbox 448 2200 557 2240; x_wconf 86' lang='lat' dir='ltr'><strong>tum</strong></span> <span class='ocrx_word' id='word_1_134' title='bbox 577 2209 592 2243; x_wconf 67' lang='grc' dir='ltr'><em>ε</em></span> <span class='ocrx_word' id='word_1_135' title='bbox 625 2193 692 2243; x_wconf 87' lang='lat' dir='ltr'><strong>de</strong></span> <span class='ocrx_word' id='word_1_136' title='bbox 711 2194 809 2245; x_wconf 82' lang='lat' dir='ltr'><strong>hac</strong></span> <span class='ocrx_word' id='word_1_137' title='bbox 832 2203 1004 2246; x_wconf 84' lang='lat' dir='ltr'><strong>autem</strong></span> <span class='ocrx_word' id='word_1_138' title='bbox 1018 2196 1346 2248; x_wconf 84' lang='lat' dir='ltr'><strong>ordinatione</strong></span> <span class='ocrx_word' id='word_1_139' title='bbox 1371 2213 1402 2247; x_wconf 79' lang='lat' dir='ltr'><strong>a</strong></span> <span class='ocrx_word' id='word_1_140' title='bbox 1420 2198 1508 2248; x_wconf 85' lang='lat' dir='ltr'><strong>Li·</strong></span> 
     </span>
     <span class='ocr_line' id='line_1_25' title="bbox 449 2269 1509 2325; baseline 0.009 -10"><span class='ocrx_word' id='word_1_141' title='bbox 449 2269 533 2318; x_wconf 77' lang='lat' dir='ltr'><strong>vio</strong></span> <span class='ocrx_word' id='word_1_142' title='bbox 556 2279 609 2319; x_wconf 85' lang='grc' dir='ltr'><strong>ει</strong></span> <span class='ocrx_word' id='word_1_143' title='bbox 631 2271 919 2322; x_wconf 77' lang='lat' dir='ltr'><strong>Plutarcho</strong></span> <span class='ocrx_word' id='word_1_144' title='bbox 932 2273 1264 2324; x_wconf 79' lang='lat' dir='ltr'><strong>eliciendum.</strong></span> <span class='ocrx_word' id='word_1_145' title='bbox 1280 2274 1509 2325; x_wconf 71' lang='lat' dir='ltr'><strong>Machan-</strong></span> 
     </span>
     <span class='ocr_line' id='line_1_26' title="bbox 449 2345 1508 2401; baseline 0.007 -8"><span class='ocrx_word' id='word_1_146' title='bbox 449 2345 602 2395; x_wconf 79' lang='lat' dir='ltr'><strong>Hano</strong></span> <span class='ocrx_word' id='word_1_147' title='bbox 625 2362 733 2397; x_wconf 88' lang='lat' dir='ltr'><strong>rem</strong></span> <span class='ocrx_word' id='word_1_148' title='bbox 760 2350 848 2398; x_wconf 88' lang='lat' dir='ltr'><strong>alii</strong></span> <span class='ocrx_word' id='word_1_149' title='bbox 871 2350 1031 2399; x_wconf 78' lang='lat' dir='ltr'><strong>etiam</strong></span> <span class='ocrx_word' id='word_1_150' title='bbox 1067 2349 1281 2399; x_wconf 83' lang='lat' dir='ltr'><strong>tradunt</strong></span> <span class='ocrx_word' id='word_1_151' title='bbox 1302 2350 1508 2401; x_wconf 82' lang='lat' dir='ltr'><strong>histori-</strong></span> 
     </span>
     <span class='ocr_line' id='line_1_27' title="bbox 449 2422 1507 2478; baseline 0.007 -9"><span class='ocrx_word' id='word_1_152' title='bbox 449 2422 517 2478; x_wconf 87' lang='lat' dir='ltr'><strong>ci,</strong></span> <span class='ocrx_word' id='word_1_153' title='bbox 540 2422 631 2473; x_wconf 86' lang='lat' dir='ltr'><strong>sed</strong></span> <span class='ocrx_word' id='word_1_154' title='bbox 658 2424 862 2475; x_wconf 77' lang='lat' dir='ltr'><strong>videtur</strong></span> <span class='ocrx_word' id='word_1_155' title='bbox 893 2427 945 2475; x_wconf 89' lang='lat' dir='ltr'><strong>in</strong></span> <span class='ocrx_word' id='word_1_156' title='bbox 985 2425 1194 2475; x_wconf 84' lang='lat' dir='ltr'><strong>diversa</strong></span> <span class='ocrx_word' id='word_1_157' title='bbox 1232 2426 1376 2478; x_wconf 83' lang='lat' dir='ltr'><strong>abire</strong></span> <span class='ocrx_word' id='word_1_158' title='bbox 1403 2428 1507 2477; x_wconf 90' lang='lat' dir='ltr'><strong>Eu·</strong></span> 
     </span>
     <span class='ocr_line' id='line_1_28' title="bbox 448 2500 1505 2566; baseline 0.009 -22"><span class='ocrx_word' id='word_1_159' title='bbox 448 2504 588 2562; x_wconf 82' lang='lat' dir='ltr'><strong>trop.</strong></span> <span class='ocrx_word' id='word_1_160' title='bbox 621 2513 659 2548; x_wconf 89' lang='lat'><strong>1.</strong></span> <span class='ocrx_word' id='word_1_161' title='bbox 698 2503 746 2550; x_wconf 80' lang='grc'><strong>3.</strong></span> <span class='ocrx_word' id='word_1_162' title='bbox 785 2508 801 2530; x_wconf 72' lang='grc'><em>“</em></span> <span class='ocrx_word' id='word_1_163' title='bbox 822 2500 1027 2551; x_wconf 88' lang='lat' dir='ltr'><strong>Annum</strong></span> <span class='ocrx_word' id='word_1_164' title='bbox 1051 2500 1330 2566; x_wconf 81' lang='lat' dir='ltr'><strong>descripsit</strong></span> <span class='ocrx_word' id='word_1_165' title='bbox 1361 2504 1416 2551; x_wconf 89' lang='lat' dir='ltr'><strong>in</strong></span> <span class='ocrx_word' id='word_1_166' title='bbox 1452 2515 1505 2554; x_wconf 75' lang='grc' dir='ltr'><strong>Χ.</strong></span> 
     </span>
     <span class='ocr_line' id='line_1_29' title="bbox 446 2578 1509 2644; baseline 0.006 -20"><span class='ocrx_word' id='word_1_167' title='bbox 446 2589 669 2636; x_wconf 86' lang='lat' dir='ltr'><strong>menses,</strong></span> <span class='ocrx_word' id='word_1_168' title='bbox 695 2578 834 2640; x_wconf 87' lang='lat' dir='ltr'><strong>prius</strong></span> <span class='ocrx_word' id='word_1_169' title='bbox 857 2579 968 2628; x_wconf 85' lang='lat' dir='ltr'><strong>sine</strong></span> <span class='ocrx_word' id='word_1_170' title='bbox 989 2579 1163 2644; x_wconf 80' lang='lat' dir='ltr'><strong>aliqua</strong></span> <span class='ocrx_word' id='word_1_171' title='bbox 1192 2580 1509 2643; x_wconf 74' lang='lat' dir='ltr'><strong>computati·</strong></span> 
     </span>
     <span class='ocr_line' id='line_1_30' title="bbox 376 2651 1509 2719; baseline 0.009 -21"><span class='ocrx_word' id='word_1_172' title='bbox 376 2716 379 2719; x_wconf 21' lang='grc' dir='ltr'>Ι</span> <span class='ocrx_word' id='word_1_173' title='bbox 445 2663 546 2700; x_wconf 83' lang='lat' dir='ltr'><strong>one</strong></span> <span class='ocrx_word' id='word_1_174' title='bbox 569 2651 880 2703; x_wconf 61' lang='lat' dir='ltr'><strong>confusum?</strong></span> <span class='ocrx_word' id='word_1_175' title='bbox 944 2654 1048 2705; x_wconf 85' lang='lat' dir='ltr'><strong>Sed</strong></span> <span class='ocrx_word' id='word_1_176' title='bbox 1066 2662 1192 2717; x_wconf 85' lang='lat' dir='ltr'><strong>puto</strong></span> <span class='ocrx_word' id='word_1_177' title='bbox 1210 2657 1378 2706; x_wconf 85' lang='lat' dir='ltr'><strong>locum</strong></span> <span class='ocrx_word' id='word_1_178' title='bbox 1403 2671 1509 2707; x_wconf 88' lang='lat' dir='ltr'><strong>ma-</strong></span> 
     </span>
     <span class='ocr_line' id='line_1_31' title="bbox 445 2726 1510 2792; baseline 0.008 -19"><span class='ocrx_word' id='word_1_179' title='bbox 445 2726 496 2774; x_wconf 89' lang='lat' dir='ltr'><strong>la</strong></span> <span class='ocrx_word' id='word_1_180' title='bbox 545 2727 1018 2792; x_wconf 79' lang='lat' dir='ltr'><strong>interpunctatione</strong></span> <span class='ocrx_word' id='word_1_181' title='bbox 1051 2730 1311 2792; x_wconf 83' lang='lat' dir='ltr'><strong>laborare,</strong></span> <span class='ocrx_word' id='word_1_182' title='bbox 1348 2738 1404 2781; x_wconf 89' lang='lat' dir='ltr'><strong>et</strong></span> <span class='ocrx_word' id='word_1_183' title='bbox 1433 2733 1510 2782; x_wconf 82' lang='lat' dir='ltr'><strong>le·</strong></span> 
     </span>
     <span class='ocr_line' id='line_1_32' title="bbox 448 2803 1509 2870; baseline 0.008 -20"><span class='ocrx_word' id='word_1_184' title='bbox 448 2803 674 2865; x_wconf 80' lang='lat' dir='ltr'><strong>gendum</strong></span> <span class='ocrx_word' id='word_1_185' title='bbox 709 2819 824 2854; x_wconf 88' lang='lat' dir='ltr'><strong>esse</strong></span> <span class='ocrx_word' id='word_1_186' title='bbox 856 2805 922 2856; x_wconf 74' lang='lat' dir='ltr'><strong>A.</strong></span> <span class='ocrx_word' id='word_1_187' title='bbox 963 2806 1232 2870; x_wconf 72' lang='lat' dir='ltr'><strong>descripsit,</strong></span> <span class='ocrx_word' id='word_1_188' title='bbox 1269 2808 1323 2857; x_wconf 83' lang='grc' dir='ltr'><strong>έλ</strong></span> <span class='ocrx_word' id='word_1_189' title='bbox 1351 2810 1509 2859; x_wconf 78' lang='lat' dir='ltr'><strong>decem</strong></span> 
     </span>
     <span class='ocr_line' id='line_1_33' title="bbox 448 2881 1511 2944; baseline 0.008 -17"><span class='ocrx_word' id='word_1_190' title='bbox 448 2893 629 2931; x_wconf 65' lang='lat' dir='ltr'><strong>menses</strong></span> <span class='ocrx_word' id='word_1_191' title='bbox 639 2895 690 2944; x_wconf 82' lang='lat' dir='ltr'><strong>p.</strong></span> <span class='ocrx_word' id='word_1_192' title='bbox 710 2883 812 2932; x_wconf 71' lang='grc' dir='ltr'><strong>διε.</strong></span> <span class='ocrx_word' id='word_1_193' title='bbox 834 2890 893 2932; x_wconf 84' lang='grc' dir='ltr'><strong>ιιι</strong></span> <span class='ocrx_word' id='word_1_194' title='bbox 916 2881 1044 2933; x_wconf 81' lang='lat' dir='ltr'><strong>illud</strong></span> <span class='ocrx_word' id='word_1_195' title='bbox 1067 2883 1121 2932; x_wconf 81' lang='grc' dir='ltr'><strong>έλ</strong></span> <span class='ocrx_word' id='word_1_196' title='bbox 1149 2886 1307 2934; x_wconf 76' lang='lat' dir='ltr'><strong>decem</strong></span> <span class='ocrx_word' id='word_1_197' title='bbox 1327 2899 1511 2935; x_wconf 78' lang='lat' dir='ltr'><strong>menses</strong></span> 
     </span>
     <span class='ocr_line' id='line_1_34' title="bbox 448 2955 1509 3024; baseline 0.008 -21"><span class='ocrx_word' id='word_1_198' title='bbox 448 2968 552 3004; x_wconf 85' lang='lat' dir='ltr'><strong>non</strong></span> <span class='ocrx_word' id='word_1_199' title='bbox 585 2955 650 3006; x_wconf 78' lang='lat' dir='ltr'><strong>ad</strong></span> <span class='ocrx_word' id='word_1_200' title='bbox 671 2958 893 3022; x_wconf 83' lang='lat' dir='ltr'><strong>priorem</strong></span> <span class='ocrx_word' id='word_1_201' title='bbox 924 2965 1150 3022; x_wconf 90' lang='lat' dir='ltr'><strong>partem,</strong></span> <span class='ocrx_word' id='word_1_202' title='bbox 1171 2959 1264 3010; x_wconf 80' lang='lat' dir='ltr'><strong>sed</strong></span> <span class='ocrx_word' id='word_1_203' title='bbox 1289 2959 1353 3009; x_wconf 82' lang='lat' dir='ltr'><strong>ad</strong></span> <span class='ocrx_word' id='word_1_204' title='bbox 1391 2975 1509 3024; x_wconf 87' lang='lat' dir='ltr'><strong>pos-</strong></span> 
     </span>
     <span class='ocr_line' id='line_1_35' title="bbox 449 3033 1510 3085; baseline 0.004 -4"><span class='ocrx_word' id='word_1_205' title='bbox 449 3033 694 3083; x_wconf 79' lang='lat' dir='ltr'><strong>teriorem</strong></span> <span class='ocrx_word' id='word_1_206' title='bbox 719 3033 998 3085; x_wconf 85' lang='lat' dir='ltr'><strong>referatur.</strong></span> <span class='ocrx_word' id='word_1_207' title='bbox 1064 3035 1200 3085; x_wconf 83' lang='lat' dir='ltr'><strong>Vide</strong></span> <span class='ocrx_word' id='word_1_208' title='bbox 1225 3035 1510 3085; x_wconf 82' lang='lat' dir='ltr'><strong>Lindenbr.</strong></span> 
     </span>
     <span class='ocr_line' id='line_1_36' title="bbox 449 3111 1510 3176; baseline 0.003 -17"><span class='ocrx_word' id='word_1_209' title='bbox 449 3111 514 3159; x_wconf 83' lang='lat' dir='ltr'><strong>ad</strong></span> <span class='ocrx_word' id='word_1_210' title='bbox 549 3112 762 3161; x_wconf 82' lang='lat' dir='ltr'><strong>Censor.</strong></span> <span class='ocrx_word' id='word_1_211' title='bbox 798 3111 867 3163; x_wconf 79' lang='lat' dir='ltr'><strong>de</strong></span> <span class='ocrx_word' id='word_1_212' title='bbox 891 3112 991 3162; x_wconf 89' lang='lat' dir='ltr'><strong>Die</strong></span> <span class='ocrx_word' id='word_1_213' title='bbox 1026 3113 1158 3162; x_wconf 87' lang='lat' dir='ltr'><strong>Nat.</strong></span> <span class='ocrx_word' id='word_1_214' title='bbox 1190 3126 1306 3176; x_wconf 84' lang='lat' dir='ltr'><strong>cap.</strong></span> <span class='ocrx_word' id='word_1_215' title='bbox 1336 3115 1422 3162; x_wconf 84' lang='grc'><strong>20.</strong></span> <span class='ocrx_word' id='word_1_216' title='bbox 1455 3119 1510 3162; x_wconf 84' lang='grc' dir='ltr'>ει</span> 
     </span>
     <span class='ocr_line' id='line_1_37' title="bbox 451 3182 1277 3239; baseline 0.001 -3"><span class='ocrx_word' id='word_1_217' title='bbox 451 3187 686 3237; x_wconf 86' lang='lat' dir='ltr'><strong>Freinsh.</strong></span> <span class='ocrx_word' id='word_1_218' title='bbox 712 3188 776 3238; x_wconf 87' lang='lat' dir='ltr'><strong>ad</strong></span> <span class='ocrx_word' id='word_1_219' title='bbox 805 3182 946 3238; x_wconf 84' lang='lat' dir='ltr'><strong>Flor.</strong></span> <span class='ocrx_word' id='word_1_220' title='bbox 970 3203 1009 3239; x_wconf 90' lang='grc' dir='ltr'><strong>ι.</strong></span> <span class='ocrx_word' id='word_1_221' title='bbox 1031 3193 1083 3239; x_wconf 88' lang='grc'><strong>2.</strong></span> <span class='ocrx_word' id='word_1_222' title='bbox 1103 3188 1277 3239; x_wconf 72' lang='grc' dir='ltr'>Αηιιτ.</span> 
     </span>
    </p>

    <p class='ocr_par' dir='ltr' id='par_1_6' title="bbox 446 3263 1509 3482">
     <span class='ocr_line' id='line_1_38' title="bbox 511 3263 1507 3329; baseline 0 -16"><span class='ocrx_word' id='word_1_223' title='bbox 511 3263 736 3327; x_wconf 73' lang='lat' dir='ltr'><strong>Additr&#39;s]</strong></span> <span class='ocrx_word' id='word_1_224' title='bbox 756 3264 941 3315; x_wconf 74' lang='lat' dir='ltr'><strong>Addita</strong></span> <span class='ocrx_word' id='word_1_225' title='bbox 958 3264 1166 3329; x_wconf 81' lang='lat' dir='ltr'><strong>quidam</strong></span> <span class='ocrx_word' id='word_1_226' title='bbox 1179 3266 1377 3328; x_wconf 77' lang='lat' dir='ltr'><strong>legunt.</strong></span> <span class='ocrx_word' id='word_1_227' title='bbox 1412 3263 1507 3317; x_wconf 84' lang='lat' dir='ltr'><strong>Ni-</strong></span> 
     </span>
     <span class='ocr_line' id='line_1_39' title="bbox 447 3339 1509 3407; baseline 0.002 -18"><span class='ocrx_word' id='word_1_228' title='bbox 447 3339 521 3390; x_wconf 83' lang='lat' dir='ltr'><strong>hil</strong></span> <span class='ocrx_word' id='word_1_229' title='bbox 553 3347 724 3389; x_wconf 76' lang='lat' dir='ltr'><strong>tamen</strong></span> <span class='ocrx_word' id='word_1_230' title='bbox 747 3347 913 3392; x_wconf 87' lang='lat' dir='ltr'><strong>muto.·</strong></span> <span class='ocrx_word' id='word_1_231' title='bbox 948 3340 1138 3391; x_wconf 64' lang='lat' dir='ltr'><strong>Sotion.</strong></span> <span class='ocrx_word' id='word_1_232' title='bbox 1219 3341 1396 3407; x_wconf 80' lang='lat' dir='ltr'><strong>Atque</strong></span> <span class='ocrx_word' id='word_1_233' title='bbox 1433 3342 1509 3391; x_wconf 86' lang='lat' dir='ltr'><strong>ita</strong></span> 
     </span>
     <span class='ocr_line' id='line_1_40' title="bbox 446 3417 1264 3482; baseline -0.001 -15"><span class='ocrx_word' id='word_1_234' title='bbox 446 3417 565 3467; x_wconf 78' lang='lat' dir='ltr'><strong>ood-</strong></span> <span class='ocrx_word' id='word_1_235' title='bbox 586 3417 787 3466; x_wconf 86' lang='lat' dir='ltr'><strong>Boend.</strong></span> <span class='ocrx_word' id='word_1_236' title='bbox 811 3417 1069 3482; x_wconf 69' lang='lat' dir='ltr'><strong>etfflach.</strong></span> <span class='ocrx_word' id='word_1_237' title='bbox 1088 3417 1264 3468; x_wconf 72' lang='lat' dir='ltr'><strong>Arutz.</strong></span> 
     </span>
    </p>

    <p class='ocr_par' dir='ltr' id='par_1_7' title="bbox 448 3493 1510 3790">
     <span class='ocr_line' id='line_1_41' title="bbox 509 3493 1508 3559; baseline 0.001 -17"><span class='ocrx_word' id='word_1_238' title='bbox 509 3497 543 3558; x_wconf 58' lang='grc' dir='ltr'><strong>ς</strong></span> <span class='ocrx_word' id='word_1_239' title='bbox 565 3497 598 3542; x_wconf 88' lang='grc'><strong>2</strong></span> <span class='ocrx_word' id='word_1_240' title='bbox 620 3495 868 3544; x_wconf 77' lang='lat' dir='ltr'><strong>Plurimos</strong></span> <span class='ocrx_word' id='word_1_241' title='bbox 878 3499 926 3545; x_wconf 79' lang='lat' dir='ltr'><strong>st</strong></span> <span class='ocrx_word' id='word_1_242' title='bbox 943 3493 1108 3558; x_wconf 70' lang='lat' dir='ltr'><strong>utiles]</strong></span> <span class='ocrx_word' id='word_1_243' title='bbox 1130 3493 1253 3543; x_wconf 84' lang='lat' dir='ltr'><strong>Vet.</strong></span> <span class='ocrx_word' id='word_1_244' title='bbox 1269 3493 1387 3543; x_wconf 80' lang='lat' dir='ltr'><strong>eod.</strong></span> <span class='ocrx_word' id='word_1_245' title='bbox 1403 3495 1508 3559; x_wconf 75' lang='lat' dir='ltr'><strong>plu·</strong></span> 
     </span>
     <span class='ocr_line' id='line_1_42' title="bbox 448 3573 1509 3624; baseline 0.001 -1"><span class='ocrx_word' id='word_1_246' title='bbox 448 3589 525 3624; x_wconf 82' lang='lat' dir='ltr'><strong>res</strong></span> <span class='ocrx_word' id='word_1_247' title='bbox 545 3579 594 3624; x_wconf 80' lang='lat' dir='ltr'><strong>et</strong></span> <span class='ocrx_word' id='word_1_248' title='bbox 625 3575 794 3623; x_wconf 77' lang='lat' dir='ltr'><strong>utiles:</strong></span> <span class='ocrx_word' id='word_1_249' title='bbox 829 3575 1043 3624; x_wconf 83' lang='lat' dir='ltr'><strong>rectius.</strong></span> <span class='ocrx_word' id='word_1_250' title='bbox 1078 3573 1265 3623; x_wconf 73' lang='lat' dir='ltr'><strong>Schott.</strong></span> <span class='ocrx_word' id='word_1_251' title='bbox 1328 3575 1509 3624; x_wconf 71' lang='lat' dir='ltr'><strong>Plures</strong></span> 
     </span>
     <span class='ocr_line' id='line_1_43' title="bbox 449 3649 1510 3715; baseline 0 -15"><span class='ocrx_word' id='word_1_252' title='bbox 449 3651 837 3715; x_wconf 83' lang='lat' dir='ltr'><strong>amplectuntur</strong></span> <span class='ocrx_word' id='word_1_253' title='bbox 867 3659 1089 3713; x_wconf 83' lang='lat' dir='ltr'><strong>uterque</strong></span> <span class='ocrx_word' id='word_1_254' title='bbox 1134 3650 1281 3699; x_wconf 75' lang='lat' dir='ltr'><strong>Leid-</strong></span> <span class='ocrx_word' id='word_1_255' title='bbox 1307 3649 1510 3701; x_wconf 85' lang='lat' dir='ltr'><strong>Boeud.</strong></span> 
     </span>
     <span class='ocr_line' id='line_1_44' title="bbox 448 3725 1509 3790; baseline 0 -12"><span class='ocrx_word' id='word_1_256' title='bbox 448 3728 604 3779; x_wconf 72' lang='lat' dir='ltr'><strong>Fran.</strong></span> <span class='ocrx_word' id='word_1_257' title='bbox 645 3727 818 3777; x_wconf 84' lang='lat' dir='ltr'><strong>Haun.</strong></span> <span class='ocrx_word' id='word_1_258' title='bbox 859 3735 914 3776; x_wconf 84' lang='lat' dir='ltr'><strong>et</strong></span> <span class='ocrx_word' id='word_1_259' title='bbox 964 3725 1331 3790; x_wconf 62' lang='lat' dir='ltr'><strong>antiquissima</strong></span> <span class='ocrx_word' id='word_1_260' title='bbox 1386 3726 1509 3778; x_wconf 81' lang='lat' dir='ltr'><strong>edd.</strong></span> 
     </span>
    </p>
   </div>
   <div class='ocr_carea' id='block_1_3' title="bbox 449 3803 1518 3869">
    <p class='ocr_par' dir='ltr' id='par_1_8' title="bbox 449 3803 1518 3869">
     <span class='ocr_line' id='line_1_45' title="bbox 449 3803 1518 3869; baseline -0.001 -15"><span class='ocrx_word' id='word_1_261' title='bbox 449 3818 666 3869; x_wconf 87' lang='lat' dir='ltr'><strong>quorum</strong></span> <span class='ocrx_word' id='word_1_262' title='bbox 685 3804 910 3853; x_wconf 84' lang='lat' dir='ltr'><strong>omnium</strong></span> <span class='ocrx_word' id='word_1_263' title='bbox 926 3803 1203 3852; x_wconf 79' lang='lat' dir='ltr'><strong>consensui</strong></span> <span class='ocrx_word' id='word_1_264' title='bbox 1221 3817 1518 3867; x_wconf 62' lang='lat' dir='ltr'><strong>repugnare*</strong></span> 
     </span>
    </p>
   </div>
   <div class='ocr_carea' id='block_1_4' title="bbox 447 3880 1511 4332">
    <p class='ocr_par' dir='ltr' id='par_1_9' title="bbox 447 3880 1511 4332">
     <span class='ocr_line' id='line_1_46' title="bbox 447 3880 1508 3943; baseline 0 -12"><span class='ocrx_word' id='word_1_265' title='bbox 447 3880 596 3931; x_wconf 83' lang='lat' dir='ltr'><strong>nefas</strong></span> <span class='ocrx_word' id='word_1_266' title='bbox 633 3880 772 3930; x_wconf 72' lang='lat' dir='ltr'><strong>drtxi.</strong></span> <span class='ocrx_word' id='word_1_267' title='bbox 847 3880 1171 3943; x_wconf 74' lang='lat' dir='ltr'><strong>Ignorabnnt</strong></span> <span class='ocrx_word' id='word_1_268' title='bbox 1203 3881 1408 3931; x_wconf 84' lang='lat' dir='ltr'><strong>scilicet</strong></span> <span class='ocrx_word' id='word_1_269' title='bbox 1448 3882 1508 3931; x_wconf 91' lang='lat' dir='ltr'><strong>li·</strong></span> 
     </span>
     <span class='ocr_line' id='line_1_47' title="bbox 449 3955 1509 4021; baseline -0.002 -13"><span class='ocrx_word' id='word_1_270' title='bbox 449 3958 628 4018; x_wconf 60' lang='lat' dir='ltr'><strong>braii,</strong></span> <span class='ocrx_word' id='word_1_271' title='bbox 643 3955 1049 4020; x_wconf 77' lang='lat' dir='ltr'><strong>comparativum</strong></span> <span class='ocrx_word' id='word_1_272' title='bbox 1065 3956 1199 4006; x_wconf 84' lang='lat' dir='ltr'><strong>huno</strong></span> <span class='ocrx_word' id='word_1_273' title='bbox 1216 3971 1357 4020; x_wconf 79' lang='lat' dir='ltr'><strong>saepe</strong></span> <span class='ocrx_word' id='word_1_274' title='bbox 1371 3956 1509 4021; x_wconf 80' lang='lat' dir='ltr'><strong>apud</strong></span> 
     </span>
     <span class='ocr_line' id='line_1_48' title="bbox 449 4032 1509 4098; baseline 0.001 -15"><span class='ocrx_word' id='word_1_275' title='bbox 449 4034 690 4097; x_wconf 78' lang='lat' dir='ltr'><strong>antiquos</strong></span> <span class='ocrx_word' id='word_1_276' title='bbox 711 4034 762 4081; x_wconf 85' lang='lat' dir='ltr'><strong>iu</strong></span> <span class='ocrx_word' id='word_1_277' title='bbox 783 4047 879 4082; x_wconf 82' lang='lat' dir='ltr'><strong>osu</strong></span> <span class='ocrx_word' id='word_1_278' title='bbox 902 4047 1033 4092; x_wconf 82' lang='lat' dir='ltr'><strong>esse,</strong></span> <span class='ocrx_word' id='word_1_279' title='bbox 1056 4032 1146 4082; x_wconf 87' lang='lat' dir='ltr'><strong>ubi</strong></span> <span class='ocrx_word' id='word_1_280' title='bbox 1163 4033 1509 4098; x_wconf 81' lang='lat' dir='ltr'><strong>superlativus</strong></span> 
     </span>
     <span class='ocr_line' id='line_1_49' title="bbox 448 4108 1511 4174; baseline 0.001 -16"><span class='ocrx_word' id='word_1_281' title='bbox 448 4109 718 4158; x_wconf 80' lang='lat' dir='ltr'><strong>videretur</strong></span> <span class='ocrx_word' id='word_1_282' title='bbox 740 4109 971 4174; x_wconf 78' lang='lat' dir='ltr'><strong>requiri:</strong></span> <span class='ocrx_word' id='word_1_283' title='bbox 1010 4108 1105 4158; x_wconf 79' lang='lat' dir='ltr'><strong>inf.</strong></span> <span class='ocrx_word' id='word_1_284' title='bbox 1138 4111 1204 4159; x_wconf 89' lang='lat' dir='ltr'><strong>de</strong></span> <span class='ocrx_word' id='word_1_285' title='bbox 1245 4110 1440 4160; x_wconf 81' lang='lat' dir='ltr'><strong>Caesar.</strong></span> <span class='ocrx_word' id='word_1_286' title='bbox 1463 4125 1511 4161; x_wconf 84' lang='lat' dir='ltr'><strong>c.</strong></span> 
     </span>
     <span class='ocr_line' id='line_1_50' title="bbox 451 4183 1510 4250; baseline 0.005 -16"><span class='ocrx_word' id='word_1_287' title='bbox 451 4187 552 4249; x_wconf 74' lang='lat'><strong>8.§</strong></span> <span class='ocrx_word' id='word_1_288' title='bbox 592 4188 642 4233; x_wconf 84' lang='lat'><strong>6.</strong></span> <span class='ocrx_word' id='word_1_289' title='bbox 674 4183 1031 4250; x_wconf 59' lang='lat' dir='ltr'><strong>{Sapientiam</strong></span> <span class='ocrx_word' id='word_1_290' title='bbox 1069 4187 1243 4250; x_wconf 86' lang='lat' dir='ltr'><strong>plures</strong></span> <span class='ocrx_word' id='word_1_291' title='bbox 1278 4188 1510 4239; x_wconf 79' lang='lat' dir='ltr'><strong>caruisse</strong></span> 
     </span>
     <span class='ocr_line' id='line_1_51' title="bbox 448 4259 1510 4332; baseline 0.007 -21"><span class='ocrx_word' id='word_1_292' title='bbox 448 4259 628 4311; x_wconf 84' lang='lat' dir='ltr'><strong>liberis</strong></span> <span class='ocrx_word' id='word_1_293' title='bbox 654 4260 833 4313; x_wconf 79' lang='lat' dir='ltr'><strong>utilius</strong></span> <span class='ocrx_word' id='word_1_294' title='bbox 858 4260 1122 4316; x_wconf 67' lang='lat' dir='ltr'><strong>duxeret’</strong></span> <span class='ocrx_word' id='word_1_295' title='bbox 1155 4270 1212 4316; x_wconf 88' lang='lat' dir='ltr'><strong>et</strong></span> <span class='ocrx_word' id='word_1_296' title='bbox 1235 4263 1288 4316; x_wconf 85' lang='lat' dir='ltr'><strong>in</strong></span> <span class='ocrx_word' id='word_1_297' title='bbox 1301 4263 1445 4332; x_wconf 75' lang='lat' dir='ltr'><strong>Epit.</strong></span> <span class='ocrx_word' id='word_1_298' title='bbox 1461 4279 1510 4319; x_wconf 84' lang='grc' dir='ltr'><strong>ο.</strong></span> 
     </span>
    </p>
   </div>
   <div class='ocr_carea' id='block_1_5' title="bbox 1134 370 1946 422">
    <p class='ocr_par' dir='ltr' id='par_1_10' title="bbox 1134 370 1946 422">
     <span class='ocr_line' id='line_1_52' title="bbox 1134 370 1946 422; baseline 0.005 -4"><span class='ocrx_word' id='word_1_299' title='bbox 1134 370 1352 419; x_wconf 77' lang='lat' dir='ltr'>NOTAE</span> <span class='ocrx_word' id='word_1_300' title='bbox 1399 370 1813 422; x_wconf 75' lang='lat' dir='ltr'><strong>VARIORUM</strong></span> <span class='ocrx_word' id='word_1_301' title='bbox 1868 373 1946 422; x_wconf 83' lang='lat' dir='ltr'><strong>IN</strong></span> 
     </span>
    </p>
   </div>
   <div class='ocr_carea' id='block_1_6' title="bbox 1578 512 2640 1034">
    <p class='ocr_par' dir='ltr' id='par_1_11' title="bbox 1578 512 2640 881">
     <span class='ocr_line' id='line_1_53' title="bbox 1578 512 2640 581; baseline 0.004 -18"><span class='ocrx_word' id='word_1_302' title='bbox 1578 517 1659 563; x_wconf 76' lang='lat'><strong>45.</strong></span> <span class='ocrx_word' id='word_1_303' title='bbox 1684 514 1711 578; x_wconf 85' lang='lat'>§</span> <span class='ocrx_word' id='word_1_304' title='bbox 1734 517 1785 563; x_wconf 83' lang='grc'><strong>9.</strong></span> <span class='ocrx_word' id='word_1_305' title='bbox 1820 512 2162 572; x_wconf 69' lang='grc' dir='ltr'>*Βειιιι-ἱιιιε,</span> <span class='ocrx_word' id='word_1_306' title='bbox 2185 530 2287 581; x_wconf 87' lang='lat' dir='ltr'><strong>qua</strong></span> <span class='ocrx_word' id='word_1_307' title='bbox 2320 522 2462 565; x_wconf 82' lang='lat' dir='ltr'><strong>artus</strong></span> <span class='ocrx_word' id='word_1_308' title='bbox 2483 512 2640 568; x_wconf 78' lang='lat' dir='ltr'><strong>diffu-</strong></span> 
     </span>
     <span class='ocr_line' id='line_1_54' title="bbox 1579 587 2640 655; baseline 0.008 -19"><span class='ocrx_word' id='word_1_309' title='bbox 1579 587 1747 645; x_wconf 79' lang='lat' dir='ltr'><strong>derat,</strong></span> <span class='ocrx_word' id='word_1_310' title='bbox 1770 590 2017 640; x_wconf 84' lang='lat' dir='ltr'><strong>accidisse</strong></span> <span class='ocrx_word' id='word_1_311' title='bbox 2042 592 2218 655; x_wconf 87' lang='lat' dir='ltr'><strong>plures</strong></span> <span class='ocrx_word' id='word_1_312' title='bbox 2243 592 2484 641; x_wconf 82' lang='lat' dir='ltr'><strong>retulere.</strong></span> <span class='ocrx_word' id='word_1_313' title='bbox 2488 591 2504 614; x_wconf 92' lang='lat'>&#39;</span> <span class='ocrx_word' id='word_1_314' title='bbox 2551 592 2640 644; x_wconf 85' lang='lat' dir='ltr'><strong>Li-</strong></span> 
     </span>
     <span class='ocr_line' id='line_1_55' title="bbox 1578 665 2638 730; baseline 0.006 -18"><span class='ocrx_word' id='word_1_315' title='bbox 1578 665 1691 714; x_wconf 80' lang='lat' dir='ltr'><strong>vius</strong></span> <span class='ocrx_word' id='word_1_316' title='bbox 1712 677 1849 715; x_wconf 73' lang='lat' dir='ltr'><strong>xut-</strong></span> <span class='ocrx_word' id='word_1_317' title='bbox 1880 670 1966 716; x_wconf 85' lang='grc'><strong>58.</strong></span> <span class='ocrx_word' id='word_1_318' title='bbox 1990 668 2248 717; x_wconf 79' lang='lat' dir='ltr'><strong>‘Deleeta</strong></span> <span class='ocrx_word' id='word_1_319' title='bbox 2270 668 2487 730; x_wconf 84' lang='lat' dir='ltr'><strong>plurium</strong></span> <span class='ocrx_word' id='word_1_320' title='bbox 2513 684 2638 729; x_wconf 71' lang='lat' dir='ltr'><strong>gen-</strong></span> 
     </span>
     <span class='ocr_line' id='line_1_56' title="bbox 1579 742 2637 795; baseline 0.006 -6"><span class='ocrx_word' id='word_1_321' title='bbox 1579 742 1708 792; x_wconf 82' lang='lat' dir='ltr'><strong>tium</strong></span> <span class='ocrx_word' id='word_1_322' title='bbox 1734 742 1956 792; x_wconf 59' lang='lat' dir='ltr'><strong>alixiliass</strong></span> <span class='ocrx_word' id='word_1_323' title='bbox 2026 742 2147 792; x_wconf 83' lang='lat' dir='ltr'><strong>Alia</strong></span> <span class='ocrx_word' id='word_1_324' title='bbox 2169 743 2316 794; x_wconf 85' lang='lat' dir='ltr'><strong>dabit</strong></span> <span class='ocrx_word' id='word_1_325' title='bbox 2339 742 2533 794; x_wconf 83' lang='lat' dir='ltr'><strong>Scheff.</strong></span> <span class='ocrx_word' id='word_1_326' title='bbox 2568 745 2637 795; x_wconf 82' lang='lat' dir='ltr'><strong>ad</strong></span> 
     </span>
     <span class='ocr_line' id='line_1_57' title="bbox 1583 816 2314 881; baseline -0.001 -13"><span class='ocrx_word' id='word_1_327' title='bbox 1583 816 1784 868; x_wconf 82' lang='lat' dir='ltr'><strong>Justin.</strong></span> <span class='ocrx_word' id='word_1_328' title='bbox 1807 830 1889 867; x_wconf 80' lang='lat' dir='ltr'><strong>xl·</strong></span> <span class='ocrx_word' id='word_1_329' title='bbox 1912 821 1991 867; x_wconf 89' lang='grc'><strong>15.</strong></span> <span class='ocrx_word' id='word_1_330' title='bbox 2015 819 2115 881; x_wconf 70' lang='lat'><strong>§15-</strong></span> <span class='ocrx_word' id='word_1_331' title='bbox 2134 816 2314 869; x_wconf 75' lang='lat' dir='ltr'><strong>Arutz.</strong></span> 
     </span>
    </p>

    <p class='ocr_par' dir='ltr' id='par_1_12' title="bbox 1578 893 2638 1034">
     <span class='ocr_line' id='line_1_58' title="bbox 1646 893 2638 960; baseline 0.003 -18"><span class='ocrx_word' id='word_1_332' title='bbox 1646 894 1822 944; x_wconf 72' lang='lat' dir='ltr'><strong>Omnia</strong></span> <span class='ocrx_word' id='word_1_333' title='bbox 1842 909 1945 957; x_wconf 70' lang='lat' dir='ltr'><strong>qua</strong></span> <span class='ocrx_word' id='word_1_334' title='bbox 1972 894 2195 960; x_wconf 72' lang='lat' dir='ltr'><strong>gerebat]</strong></span> <span class='ocrx_word' id='word_1_335' title='bbox 2232 893 2401 945; x_wconf 66' lang='lat' dir='ltr'><strong>Locus</strong></span> <span class='ocrx_word' id='word_1_336' title='bbox 2425 895 2638 945; x_wconf 85' lang='lat' dir='ltr'><strong>mutilus</strong></span> 
     </span>
     <span class='ocr_line' id='line_1_59' title="bbox 1578 971 2634 1034; baseline 0.001 -14"><span class='ocrx_word' id='word_1_337' title='bbox 1578 985 1611 1020; x_wconf 81' lang='lat' dir='ltr'><strong>a</strong></span> <span class='ocrx_word' id='word_1_338' title='bbox 1664 971 1813 1022; x_wconf 78' lang='lat' dir='ltr'><strong>nobis</strong></span> <span class='ocrx_word' id='word_1_339' title='bbox 1847 971 2122 1021; x_wconf 84' lang='lat' dir='ltr'><strong>restitutus</strong></span> <span class='ocrx_word' id='word_1_340' title='bbox 2153 985 2256 1034; x_wconf 88' lang='lat' dir='ltr'><strong>ope</strong></span> <span class='ocrx_word' id='word_1_341' title='bbox 2300 979 2531 1022; x_wconf 81' lang='lat' dir='ltr'><strong>veterum</strong></span> <span class='ocrx_word' id='word_1_342' title='bbox 2576 980 2634 1022; x_wconf 82' lang='lat' dir='ltr'><strong>et</strong></span> 
     </span>
    </p>
   </div>
   <div class='ocr_carea' id='block_1_7' title="bbox 1504 1047 2646 1113">
    <p class='ocr_par' dir='ltr' id='par_1_13' title="bbox 1504 1047 2646 1113">
     <span class='ocr_line' id='line_1_60' title="bbox 1504 1047 2646 1113; baseline -0.003 -12"><span class='ocrx_word' id='word_1_343' title='bbox 1504 1079 1511 1089; x_wconf 76' lang='lat'>=</span> <span class='ocrx_word' id='word_1_344' title='bbox 1581 1048 1713 1101; x_wconf 82' lang='lat' dir='ltr'><strong>Mss.</strong></span> <span class='ocrx_word' id='word_1_345' title='bbox 1737 1049 2006 1111; x_wconf 85' lang='lat' dir='ltr'><strong>librorum,</strong></span> <span class='ocrx_word' id='word_1_346' title='bbox 2030 1062 2158 1111; x_wconf 89' lang='lat' dir='ltr'><strong>quos</strong></span> <span class='ocrx_word' id='word_1_347' title='bbox 2180 1047 2422 1111; x_wconf 75' lang='lat' dir='ltr'><strong>religiose</strong></span> <span class='ocrx_word' id='word_1_348' title='bbox 2452 1061 2646 1113; x_wconf 67' lang='lat' dir='ltr'><strong>sequu-</strong></span> 
     </span>
    </p>
   </div>
   <div class='ocr_carea' id='block_1_8' title="bbox 1573 1120 2648 2258">
    <p class='ocr_par' dir='ltr' id='par_1_14' title="bbox 1578 1120 2638 1266">
     <span class='ocr_line' id='line_1_61' title="bbox 1578 1120 2638 1189; baseline 0.002 -17"><span class='ocrx_word' id='word_1_349' title='bbox 1578 1125 1623 1175; x_wconf 82' lang='lat' dir='ltr'><strong>ti</strong></span> <span class='ocrx_word' id='word_1_350' title='bbox 1662 1139 1853 1176; x_wconf 80' lang='lat' dir='ltr'><strong>sumus.</strong></span> <span class='ocrx_word' id='word_1_351' title='bbox 1889 1125 2132 1175; x_wconf 59' lang='lat' dir='ltr'><strong>Schoenus.</strong></span> <span class='ocrx_word' id='word_1_352' title='bbox 2196 1120 2414 1174; x_wconf 49' lang='lat' dir='ltr'><strong>Fauent‘</strong></span> <span class='ocrx_word' id='word_1_353' title='bbox 2436 1138 2638 1189; x_wconf 78' lang='lat' dir='ltr'><strong>quoque</strong></span> 
     </span>
     <span class='ocr_line' id='line_1_62' title="bbox 1579 1198 2269 1266; baseline 0 -17"><span class='ocrx_word' id='word_1_354' title='bbox 1579 1214 1677 1266; x_wconf 88' lang='lat' dir='ltr'><strong>pro</strong></span> <span class='ocrx_word' id='word_1_355' title='bbox 1701 1208 1852 1263; x_wconf 82' lang='lat' dir='ltr'><strong>parte</strong></span> <span class='ocrx_word' id='word_1_356' title='bbox 1877 1200 2079 1250; x_wconf 87' lang='lat' dir='ltr'><strong>Nostri.</strong></span> <span class='ocrx_word' id='word_1_357' title='bbox 2095 1198 2269 1249; x_wconf 71' lang='lat' dir='ltr'><strong>Amtz.</strong></span> 
     </span>
    </p>

    <p class='ocr_par' dir='ltr' id='par_1_15' title="bbox 1573 1275 2648 2258">
     <span class='ocr_line' id='line_1_63' title="bbox 1645 1275 2638 1340; baseline 0.001 -14"><span class='ocrx_word' id='word_1_358' title='bbox 1645 1276 1863 1340; x_wconf 70' lang='lat' dir='ltr'><strong>Egeria]</strong></span> <span class='ocrx_word' id='word_1_359' title='bbox 1884 1275 2393 1334; x_wconf 71' lang='lat' dir='ltr'><strong>Scribebantreote,</strong></span> <span class='ocrx_word' id='word_1_360' title='bbox 2416 1291 2520 1328; x_wconf 87' lang='lat' dir='ltr'><strong>non</strong></span> <span class='ocrx_word' id='word_1_361' title='bbox 2548 1278 2638 1327; x_wconf 67' lang='grc' dir='ltr'><strong>ΛΕ-</strong></span> 
     </span>
     <span class='ocr_line' id='line_1_64' title="bbox 1576 1355 2640 1423; baseline 0.001 -19"><span class='ocrx_word' id='word_1_362' title='bbox 1576 1357 1764 1416; x_wconf 59' lang='lat' dir='ltr'><strong>geriem</strong></span> <span class='ocrx_word' id='word_1_363' title='bbox 1819 1369 1937 1405; x_wconf 84' lang='lat' dir='ltr'><strong>nam</strong></span> <span class='ocrx_word' id='word_1_364' title='bbox 1980 1356 1998 1382; x_wconf 88' lang='lat'>‘</span> <span class='ocrx_word' id='word_1_365' title='bbox 2015 1355 2081 1403; x_wconf 81' lang='lat' dir='ltr'><strong>sb</strong></span> <span class='ocrx_word' id='word_1_366' title='bbox 2136 1355 2402 1418; x_wconf 84' lang='lat' dir='ltr'><strong>egerendo</strong></span> <span class='ocrx_word' id='word_1_367' title='bbox 2455 1363 2608 1423; x_wconf 78' lang='lat' dir='ltr'><strong>partu</strong></span> <span class='ocrx_word' id='word_1_368' title='bbox 2625 1355 2640 1378; x_wconf 77' lang='lat'><strong><em>³</em></strong></span> 
     </span>
     <span class='ocr_line' id='line_1_65' title="bbox 1579 1430 2639 1496; baseline -0.001 -15"><span class='ocrx_word' id='word_1_369' title='bbox 1579 1430 1775 1481; x_wconf 84' lang='lat' dir='ltr'><strong>dictam</strong></span> <span class='ocrx_word' id='word_1_370' title='bbox 1814 1431 2010 1481; x_wconf 86' lang='lat' dir='ltr'><strong>monuit</strong></span> <span class='ocrx_word' id='word_1_371' title='bbox 2036 1431 2239 1481; x_wconf 82' lang='lat' dir='ltr'><strong>Festus.</strong></span> <span class='ocrx_word' id='word_1_372' title='bbox 2278 1431 2453 1482; x_wconf 80' lang='lat' dir='ltr'><strong>Graeoi</strong></span> <span class='ocrx_word' id='word_1_373' title='bbox 2475 1433 2639 1496; x_wconf 81' lang='lat' dir='ltr'><strong>serip-</strong></span> 
     </span>
     <span class='ocr_line' id='line_1_66' title="bbox 1581 1506 2640 1572; baseline 0.001 -15"><span class='ocrx_word' id='word_1_374' title='bbox 1581 1514 1724 1557; x_wconf 82' lang='lat' dir='ltr'><strong>tores</strong></span> <span class='ocrx_word' id='word_1_375' title='bbox 1739 1523 1875 1559; x_wconf 86' lang='lat' dir='ltr'><strong>nuno</strong></span> <span class='ocrx_word' id='word_1_376' title='bbox 1889 1506 2128 1572; x_wconf 77' lang='grc' dir='ltr'>Ἥγέριαν,</span> <span class='ocrx_word' id='word_1_377' title='bbox 2142 1522 2276 1557; x_wconf 84' lang='lat' dir='ltr'><strong>nune</strong></span> <span class='ocrx_word' id='word_1_378' title='bbox 2288 1507 2502 1571; x_wconf 72' lang='grc' dir='ltr'>Ἔγέριαν</span> <span class='ocrx_word' id='word_1_379' title='bbox 2516 1510 2640 1558; x_wconf 84' lang='lat' dir='ltr'><strong>seri-</strong></span> 
     </span>
     <span class='ocr_line' id='line_1_67' title="bbox 1580 1582 2641 1648; baseline -0.002 -14"><span class='ocrx_word' id='word_1_380' title='bbox 1580 1584 1728 1634; x_wconf 83' lang='lat' dir='ltr'><strong>bunt.</strong></span> <span class='ocrx_word' id='word_1_381' title='bbox 1753 1585 1943 1634; x_wconf 73' lang='lat' dir='ltr'><strong>Schott.</strong></span> <span class='ocrx_word' id='word_1_382' title='bbox 1976 1592 1992 1614; x_wconf 82' lang='lat'>⁸</span> <span class='ocrx_word' id='word_1_383' title='bbox 2009 1585 2147 1634; x_wconf 82' lang='lat' dir='ltr'><strong>Mire</strong></span> <span class='ocrx_word' id='word_1_384' title='bbox 2167 1582 2181 1604; x_wconf 90' lang='lat'>’</span> <span class='ocrx_word' id='word_1_385' title='bbox 2195 1584 2381 1648; x_wconf 84' lang='lat' dir='ltr'><strong>(verba</strong></span> <span class='ocrx_word' id='word_1_386' title='bbox 2402 1591 2524 1635; x_wconf 74' lang='lat' dir='ltr'><strong>sunt</strong></span> <span class='ocrx_word' id='word_1_387' title='bbox 2539 1584 2641 1633; x_wconf 87' lang='lat' dir='ltr'><strong>Pa·</strong></span> 
     </span>
     <span class='ocr_line' id='line_1_68' title="bbox 1581 1659 2641 1724; baseline 0.003 -15"><span class='ocrx_word' id='word_1_388' title='bbox 1581 1660 1755 1724; x_wconf 81' lang='lat' dir='ltr'><strong>gauiui</strong></span> <span class='ocrx_word' id='word_1_389' title='bbox 1791 1659 2077 1712; x_wconf 85' lang='lat' dir='ltr'><strong>Gaudentii</strong></span> <span class='ocrx_word' id='word_1_390' title='bbox 2107 1661 2159 1710; x_wconf 86' lang='lat' dir='ltr'><strong>in</strong></span> <span class='ocrx_word' id='word_1_391' title='bbox 2196 1659 2469 1712; x_wconf 73' lang='lat' dir='ltr'><strong>Additum.</strong></span> <span class='ocrx_word' id='word_1_392' title='bbox 2510 1661 2641 1712; x_wconf 84' lang='lat' dir='ltr'><strong>Crit.</strong></span> 
     </span>
     <span class='ocr_line' id='line_1_69' title="bbox 1579 1734 2639 1801; baseline 0.001 -15"><span class='ocrx_word' id='word_1_393' title='bbox 1579 1734 1735 1786; x_wconf 79' lang='lat' dir='ltr'><strong>Thes.</strong></span> <span class='ocrx_word' id='word_1_394' title='bbox 1754 1736 1870 1788; x_wconf 86' lang='lat' dir='ltr'><strong>Jur.</strong></span> <span class='ocrx_word' id='word_1_395' title='bbox 1909 1745 2036 1786; x_wconf 87' lang='lat' dir='ltr'><strong>tom.</strong></span> <span class='ocrx_word' id='word_1_396' title='bbox 2056 1749 2143 1785; x_wconf 87' lang='grc' dir='ltr'>ιιι.</span> <span class='ocrx_word' id='word_1_397' title='bbox 2166 1751 2216 1786; x_wconf 84' lang='lat' dir='ltr'><strong>o.</strong></span> <span class='ocrx_word' id='word_1_398' title='bbox 2238 1734 2348 1801; x_wconf 81' lang='grc'><strong>28.)</strong></span> <span class='ocrx_word' id='word_1_399' title='bbox 2383 1739 2401 1764; x_wconf 89' lang='lat'>‘</span> <span class='ocrx_word' id='word_1_400' title='bbox 2420 1736 2639 1787; x_wconf 80' lang='lat' dir='ltr'><strong>eandem</strong></span> 
     </span>
     <span class='ocr_line' id='line_1_70' title="bbox 1580 1811 2643 1877; baseline -0.002 -14"><span class='ocrx_word' id='word_1_401' title='bbox 1580 1820 1735 1863; x_wconf 80' lang='lat' dir='ltr'><strong>vocat</strong></span> <span class='ocrx_word' id='word_1_402' title='bbox 1757 1821 1811 1863; x_wconf 86' lang='lat' dir='ltr'><strong>et</strong></span> <span class='ocrx_word' id='word_1_403' title='bbox 1850 1826 2059 1862; x_wconf 82' lang='lat' dir='ltr'><strong>uxorem</strong></span> <span class='ocrx_word' id='word_1_404' title='bbox 2094 1819 2149 1860; x_wconf 86' lang='lat' dir='ltr'><strong>et</strong></span> <span class='ocrx_word' id='word_1_405' title='bbox 2181 1812 2475 1877; x_wconf 76' lang='lat' dir='ltr'><strong>nympham,</strong></span> <span class='ocrx_word' id='word_1_406' title='bbox 2495 1811 2643 1876; x_wconf 84' lang='lat' dir='ltr'><strong>quasi</strong></span> 
     </span>
     <span class='ocr_line' id='line_1_71' title="bbox 1580 1888 2642 1954; baseline -0.001 -17"><span class='ocrx_word' id='word_1_407' title='bbox 1580 1888 1821 1954; x_wconf 61' lang='lat' dir='ltr'><strong>nymphe</strong></span> <span class='ocrx_word' id='word_1_408' title='bbox 1844 1889 2043 1950; x_wconf 84' lang='lat' dir='ltr'><strong>possint</strong></span> <span class='ocrx_word' id='word_1_409' title='bbox 2075 1902 2189 1937; x_wconf 82' lang='lat' dir='ltr'><strong>esse</strong></span> <span class='ocrx_word' id='word_1_410' title='bbox 2206 1888 2497 1939; x_wconf 85' lang='lat' dir='ltr'><strong>mortalium</strong></span> <span class='ocrx_word' id='word_1_411' title='bbox 2521 1901 2642 1937; x_wconf 87' lang='lat' dir='ltr'><strong>cou-</strong></span> 
     </span>
     <span class='ocr_line' id='line_1_72' title="bbox 1573 1961 2648 2028; baseline 0.002 -16"><span class='ocrx_word' id='word_1_412' title='bbox 1573 1962 1768 2028; x_wconf 76' lang='lat' dir='ltr'><strong>jnges.’</strong></span> <span class='ocrx_word' id='word_1_413' title='bbox 1833 1962 2025 2025; x_wconf 85' lang='lat' dir='ltr'><strong>Nimia,</strong></span> <span class='ocrx_word' id='word_1_414' title='bbox 2048 1963 2101 2013; x_wconf 87' lang='lat' dir='ltr'><strong>ni</strong></span> <span class='ocrx_word' id='word_1_415' title='bbox 2124 1961 2298 2026; x_wconf 84' lang='lat' dir='ltr'><strong>fallor,</strong></span> <span class='ocrx_word' id='word_1_416' title='bbox 2321 1978 2446 2027; x_wconf 74' lang='lat' dir='ltr'><strong>erga</strong></span> <span class='ocrx_word' id='word_1_417' title='bbox 2478 1963 2648 2026; x_wconf 72' lang='lat' dir='ltr'><strong>Deos,-</strong></span> 
     </span>
     <span class='ocr_line' id='line_1_73' title="bbox 1584 2038 2645 2104; baseline -0.001 -15"><span class='ocrx_word' id='word_1_418' title='bbox 1584 2051 1641 2089; x_wconf 87' lang='grc' dir='ltr'><strong>ιιι</strong></span> <span class='ocrx_word' id='word_1_419' title='bbox 1663 2039 1764 2089; x_wconf 82' lang='lat' dir='ltr'><strong>illis</strong></span> <span class='ocrx_word' id='word_1_420' title='bbox 1784 2049 1933 2090; x_wconf 78' lang='lat' dir='ltr'><strong>eraut</strong></span> <span class='ocrx_word' id='word_1_421' title='bbox 1958 2038 2296 2103; x_wconf 73' lang='lat' dir='ltr'>temporibus,</span> <span class='ocrx_word' id='word_1_422' title='bbox 2317 2039 2645 2104; x_wconf 68' lang='lat' dir='ltr'><strong>superstitio.</strong></span> 
     </span>
     <span class='ocr_line' id='line_1_74' title="bbox 1585 2115 2644 2182; baseline 0 -14"><span class='ocrx_word' id='word_1_423' title='bbox 1585 2118 1723 2168; x_wconf 88' lang='lat' dir='ltr'><strong>Nam</strong></span> <span class='ocrx_word' id='word_1_424' title='bbox 1745 2131 1901 2182; x_wconf 85' lang='lat' dir='ltr'><strong>posse</strong></span> <span class='ocrx_word' id='word_1_425' title='bbox 1925 2131 2038 2166; x_wconf 80' lang='lat' dir='ltr'><strong>esse</strong></span> <span class='ocrx_word' id='word_1_426' title='bbox 2060 2123 2116 2166; x_wconf 88' lang='lat' dir='ltr'><strong>et</strong></span> <span class='ocrx_word' id='word_1_427' title='bbox 2137 2115 2296 2167; x_wconf 85' lang='lat' dir='ltr'><strong>fuisse</strong></span> <span class='ocrx_word' id='word_1_428' title='bbox 2314 2118 2473 2167; x_wconf 82' lang='lat' dir='ltr'><strong>etiam</strong></span> <span class='ocrx_word' id='word_1_429' title='bbox 2497 2132 2644 2182; x_wconf 73' lang='lat' dir='ltr'><strong>nym-</strong></span> 
     </span>
     <span class='ocr_line' id='line_1_75' title="bbox 1583 2191 2644 2258; baseline -0.001 -15"><span class='ocrx_word' id='word_1_430' title='bbox 1583 2193 1711 2258; x_wconf 85' lang='lat' dir='ltr'><strong>phas</strong></span> <span class='ocrx_word' id='word_1_431' title='bbox 1727 2195 2019 2245; x_wconf 83' lang='lat' dir='ltr'><strong>mortalium</strong></span> <span class='ocrx_word' id='word_1_432' title='bbox 2042 2193 2291 2258; x_wconf 79' lang='lat' dir='ltr'><strong>conjuges</strong></span> <span class='ocrx_word' id='word_1_433' title='bbox 2308 2191 2547 2243; x_wconf 76' lang='lat' dir='ltr'><strong>declarat</strong></span> <span class='ocrx_word' id='word_1_434' title='bbox 2567 2192 2644 2242; x_wconf 88' lang='lat' dir='ltr'><strong>O·</strong></span> 
     </span>
    </p>
   </div>
   <div class='ocr_carea' id='block_1_9' title="bbox 1587 2255 2749 2335">
    <p class='ocr_par' dir='ltr' id='par_1_16' title="bbox 1587 2255 2749 2335">
     <span class='ocr_line' id='line_1_76' title="bbox 1587 2255 2749 2335; baseline 0.001 -16"><span class='ocrx_word' id='word_1_435' title='bbox 1587 2272 1689 2322; x_wconf 77' lang='lat' dir='ltr'><strong>viu.</strong></span> <span class='ocrx_word' id='word_1_436' title='bbox 1735 2271 1907 2335; x_wconf 79' lang='lat' dir='ltr'><strong>Epist.</strong></span> <span class='ocrx_word' id='word_1_437' title='bbox 1949 2271 2082 2322; x_wconf 70' lang='lat' dir='ltr'><strong>Her.</strong></span> <span class='ocrx_word' id='word_1_438' title='bbox 2127 2284 2180 2320; x_wconf 80' lang='lat' dir='ltr'><strong>v.</strong></span> <span class='ocrx_word' id='word_1_439' title='bbox 2220 2273 2271 2319; x_wconf 80' lang='lat' dir='ltr'><strong>o.</strong></span> <span class='ocrx_word' id='word_1_440' title='bbox 2316 2268 2414 2319; x_wconf 65' lang='lat' dir='ltr'><strong>aba·</strong></span> <span class='ocrx_word' id='word_1_441' title='bbox 2439 2271 2641 2321; x_wconf 76' lang='lat' dir='ltr'><strong>OEnone</strong></span> <span class='ocrx_word' id='word_1_442' title='bbox 2744 2255 2749 2260; x_wconf 84' lang='grc'><strong>’</strong></span> 
     </span>
    </p>
   </div>
   <div class='ocr_carea' id='block_1_10' title="bbox 1582 2346 2658 3021">
    <p class='ocr_par' dir='ltr' id='par_1_17' title="bbox 1582 2346 2658 3021">
     <span class='ocr_line' id='line_1_77' title="bbox 1584 2346 2643 2411; baseline 0 -15"><span class='ocrx_word' id='word_1_443' title='bbox 1584 2346 1813 2411; x_wconf 79' lang='lat' dir='ltr'><strong>nympha</strong></span> <span class='ocrx_word' id='word_1_444' title='bbox 1835 2346 2082 2397; x_wconf 75' lang='lat' dir='ltr'>Paridem</span> <span class='ocrx_word' id='word_1_445' title='bbox 2102 2346 2417 2410; x_wconf 71' lang='lat' dir='ltr'><strong>alloquitur:</strong></span> <span class='ocrx_word' id='word_1_446' title='bbox 2452 2347 2469 2375; x_wconf 90' lang='lat'>‘</span> <span class='ocrx_word' id='word_1_447' title='bbox 2496 2346 2643 2396; x_wconf 86' lang='lat' dir='ltr'><strong>Nou-</strong></span> 
     </span>
     <span class='ocr_line' id='line_1_78' title="bbox 1584 2423 2650 2480; baseline 0 -8"><span class='ocrx_word' id='word_1_448' title='bbox 1584 2423 1705 2472; x_wconf 87' lang='lat' dir='ltr'><strong>dum</strong></span> <span class='ocrx_word' id='word_1_449' title='bbox 1750 2432 1927 2474; x_wconf 79' lang='lat' dir='ltr'><strong>tantus</strong></span> <span class='ocrx_word' id='word_1_450' title='bbox 1973 2438 2107 2480; x_wconf 84' lang='lat' dir='ltr'><strong>eras,</strong></span> <span class='ocrx_word' id='word_1_451' title='bbox 2150 2438 2268 2473; x_wconf 83' lang='lat' dir='ltr'><strong>cum</strong></span> <span class='ocrx_word' id='word_1_452' title='bbox 2305 2428 2358 2472; x_wconf 80' lang='lat' dir='ltr'><strong>te</strong></span> <span class='ocrx_word' id='word_1_453' title='bbox 2394 2430 2650 2473; x_wconf 52' lang='lat' dir='ltr'><strong>contenta*</strong></span> 
     </span>
     <span class='ocr_line' id='line_1_79' title="bbox 1585 2495 2654 2563; baseline -0.001 -16"><span class='ocrx_word' id='word_1_454' title='bbox 1585 2501 1770 2549; x_wconf 80' lang='lat' dir='ltr'><strong>marito</strong></span> <span class='ocrx_word' id='word_1_455' title='bbox 1793 2499 1950 2549; x_wconf 79' lang='lat' dir='ltr'><strong>Edita</strong></span> <span class='ocrx_word' id='word_1_456' title='bbox 1968 2498 2033 2549; x_wconf 84' lang='lat' dir='ltr'><strong>de</strong></span> <span class='ocrx_word' id='word_1_457' title='bbox 2058 2512 2243 2563; x_wconf 82' lang='lat' dir='ltr'><strong>magno</strong></span> <span class='ocrx_word' id='word_1_458' title='bbox 2265 2495 2475 2548; x_wconf 87' lang='lat' dir='ltr'><strong>flumine</strong></span> <span class='ocrx_word' id='word_1_459' title='bbox 2496 2510 2654 2562; x_wconf 79' lang='lat' dir='ltr'><strong>nym··</strong></span> 
     </span>
     <span class='ocr_line' id='line_1_80' title="bbox 1585 2575 2643 2641; baseline 0.001 -16"><span class='ocrx_word' id='word_1_460' title='bbox 1585 2575 1687 2641; x_wconf 83' lang='lat' dir='ltr'><strong>pha</strong></span> <span class='ocrx_word' id='word_1_461' title='bbox 1703 2575 1792 2627; x_wconf 85' lang='lat' dir='ltr'><strong>fui.</strong></span> <span class='ocrx_word' id='word_1_462' title='bbox 1816 2578 1921 2631; x_wconf 85' lang='lat' dir='ltr'><strong>Qui</strong></span> <span class='ocrx_word' id='word_1_463' title='bbox 1935 2591 2071 2628; x_wconf 83' lang='lat' dir='ltr'><strong>nune</strong></span> <span class='ocrx_word' id='word_1_464' title='bbox 2088 2576 2395 2636; x_wconf 72' lang='lat' dir='ltr'><strong>Priamides,</strong></span> <span class='ocrx_word' id='word_1_465' title='bbox 2410 2577 2545 2626; x_wconf 82' lang='lat' dir='ltr'><strong>adsit</strong></span> <span class='ocrx_word' id='word_1_466' title='bbox 2562 2590 2643 2627; x_wconf 81' lang='lat' dir='ltr'><strong>re-</strong></span> 
     </span>
     <span class='ocr_line' id='line_1_81' title="bbox 1585 2652 2643 2710; baseline -0.001 -10"><span class='ocrx_word' id='word_1_467' title='bbox 1585 2653 1818 2702; x_wconf 77' lang='lat' dir='ltr'><strong>verentia</strong></span> <span class='ocrx_word' id='word_1_468' title='bbox 1870 2666 2013 2710; x_wconf 79' lang='lat' dir='ltr'><strong>vero,</strong></span> <span class='ocrx_word' id='word_1_469' title='bbox 2037 2680 2043 2684; x_wconf 91' lang='lat'>·</span> <span class='ocrx_word' id='word_1_470' title='bbox 2065 2652 2258 2702; x_wconf 79' lang='lat' dir='ltr'><strong>Servus</strong></span> <span class='ocrx_word' id='word_1_471' title='bbox 2313 2666 2449 2708; x_wconf 79' lang='lat' dir='ltr'><strong>eras,</strong></span> <span class='ocrx_word' id='word_1_472' title='bbox 2491 2665 2643 2700; x_wconf 85' lang='lat' dir='ltr'><strong>servo</strong></span> 
     </span>
     <span class='ocr_line' id='line_1_82' title="bbox 1583 2726 2652 2793; baseline -0.001 -16"><span class='ocrx_word' id='word_1_473' title='bbox 1583 2728 1790 2780; x_wconf 82' lang='lat' dir='ltr'><strong>nubere‘</strong></span> <span class='ocrx_word' id='word_1_474' title='bbox 1810 2728 2038 2793; x_wconf 79' lang='lat' dir='ltr'><strong>nympha</strong></span> <span class='ocrx_word' id='word_1_475' title='bbox 2069 2726 2203 2779; x_wconf 64' lang='lat' dir='ltr'><strong>tuli!</strong></span> <span class='ocrx_word' id='word_1_476' title='bbox 2268 2728 2457 2792; x_wconf 81' lang='lat' dir='ltr'><strong>Neque</strong></span> <span class='ocrx_word' id='word_1_477' title='bbox 2478 2726 2652 2777; x_wconf 85' lang='lat' dir='ltr'><strong>debu-·</strong></span> 
     </span>
     <span class='ocr_line' id='line_1_83' title="bbox 1584 2804 2658 2869; baseline 0 -17"><span class='ocrx_word' id='word_1_478' title='bbox 1584 2812 1702 2855; x_wconf 86' lang='lat' dir='ltr'><strong>erat</strong></span> <span class='ocrx_word' id='word_1_479' title='bbox 1724 2805 1973 2856; x_wconf 86' lang='lat' dir='ltr'><strong>Nostrum</strong></span> <span class='ocrx_word' id='word_1_480' title='bbox 1994 2818 2104 2869; x_wconf 81' lang='lat' dir='ltr'><strong>prae</strong></span> <span class='ocrx_word' id='word_1_481' title='bbox 2139 2804 2332 2854; x_wconf 82' lang='lat' dir='ltr'><strong>oeteris</strong></span> <span class='ocrx_word' id='word_1_482' title='bbox 2365 2804 2658 2867; x_wconf 69' lang='lat' dir='ltr'><strong>reprobent·-</strong></span> 
     </span>
     <span class='ocr_line' id='line_1_84' title="bbox 1582 2872 2658 2946; baseline -0.001 -18"><span class='ocrx_word' id='word_1_483' title='bbox 1582 2872 1710 2929; x_wconf 85' lang='lat' dir='ltr'><strong>dere</strong></span> <span class='ocrx_word' id='word_1_484' title='bbox 1730 2881 1810 2929; x_wconf 77' lang='lat' dir='ltr'><strong>vir</strong></span> <span class='ocrx_word' id='word_1_485' title='bbox 1826 2881 1968 2930; x_wconf 82' lang='lat' dir='ltr'><strong>doct.</strong></span> <span class='ocrx_word' id='word_1_486' title='bbox 1988 2881 2127 2946; x_wconf 84' lang='lat' dir='ltr'><strong>quod</strong></span> <span class='ocrx_word' id='word_1_487' title='bbox 2152 2879 2370 2930; x_wconf 80' lang='lat' dir='ltr'><strong>eandem</strong></span> <span class='ocrx_word' id='word_1_488' title='bbox 2392 2887 2450 2928; x_wconf 85' lang='lat' dir='ltr'><strong>et</strong></span> <span class='ocrx_word' id='word_1_489' title='bbox 2464 2886 2658 2943; x_wconf 50' lang='lat' dir='ltr'><strong>‘nyma</strong></span> 
     </span>
     <span class='ocr_line' id='line_1_85' title="bbox 1585 2954 2644 3021; baseline 0 -16"><span class='ocrx_word' id='word_1_490' title='bbox 1585 2956 1737 3020; x_wconf 80' lang='lat' dir='ltr'><strong>phsm</strong></span> <span class='ocrx_word' id='word_1_491' title='bbox 1756 2956 1773 2981; x_wconf 90' lang='lat'>&#39;</span> <span class='ocrx_word' id='word_1_492' title='bbox 1797 2964 1854 3007; x_wconf 92' lang='lat' dir='ltr'><strong>et</strong></span> <span class='ocrx_word' id='word_1_493' title='bbox 1886 2964 1901 2988; x_wconf 79' lang='lat'><em>⁶</em></span> <span class='ocrx_word' id='word_1_494' title='bbox 1927 2972 2137 3007; x_wconf 81' lang='lat' dir='ltr'><strong>uxorem</strong></span> <span class='ocrx_word' id='word_1_495' title='bbox 2153 2954 2169 2979; x_wconf 85' lang='lat'>’</span> <span class='ocrx_word' id='word_1_496' title='bbox 2194 2965 2367 3021; x_wconf 83' lang='lat' dir='ltr'><strong>vocet,</strong></span> <span class='ocrx_word' id='word_1_497' title='bbox 2393 2971 2512 3005; x_wconf 85' lang='lat' dir='ltr'><strong>oum</strong></span> <span class='ocrx_word' id='word_1_498' title='bbox 2553 2956 2644 3006; x_wconf 85' lang='lat' dir='ltr'><strong>Li·</strong></span> 
     </span>
    </p>
   </div>
   <div class='ocr_carea' id='block_1_11' title="bbox 1547 3031 2647 3099">
    <p class='ocr_par' dir='ltr' id='par_1_18' title="bbox 1547 3031 2647 3099">
     <span class='ocr_line' id='line_1_86' title="bbox 1547 3031 2647 3099; baseline 0 -18"><span class='ocrx_word' id='word_1_499' title='bbox 1547 3068 1554 3075; x_wconf 68' lang='lat'><strong>.</strong></span> <span class='ocrx_word' id='word_1_500' title='bbox 1584 3034 1695 3082; x_wconf 78' lang='lat' dir='ltr'><strong>vius</strong></span> <span class='ocrx_word' id='word_1_501' title='bbox 1719 3033 1911 3099; x_wconf 80' lang='lat' dir='ltr'><strong>aliique</strong></span> <span class='ocrx_word' id='word_1_502' title='bbox 1935 3048 2050 3083; x_wconf 83' lang='lat' dir='ltr'><strong>eam</strong></span> <span class='ocrx_word' id='word_1_503' title='bbox 2077 3042 2281 3084; x_wconf 80' lang='lat' dir='ltr'><strong>tantum</strong></span> <span class='ocrx_word' id='word_1_504' title='bbox 2304 3034 2321 3063; x_wconf 85' lang='lat'>‘</span> <span class='ocrx_word' id='word_1_505' title='bbox 2338 3034 2609 3097; x_wconf 78' lang='lat' dir='ltr'><strong>conjugem</strong></span> <span class='ocrx_word' id='word_1_506' title='bbox 2627 3031 2647 3055; x_wconf 75' lang='lat'><strong><em>⁹</em></strong></span> 
     </span>
    </p>
   </div>
   <div class='ocr_carea' id='block_1_12' title="bbox 1584 3107 2657 3404">
    <p class='ocr_par' dir='ltr' id='par_1_19' title="bbox 1584 3107 2657 3404">
     <span class='ocr_line' id='line_1_87' title="bbox 1586 3107 2643 3175; baseline -0.003 -15"><span class='ocrx_word' id='word_1_507' title='bbox 1586 3124 1687 3160; x_wconf 88' lang='lat' dir='ltr'><strong>non</strong></span> <span class='ocrx_word' id='word_1_508' title='bbox 1743 3108 2086 3175; x_wconf 79' lang='lat' dir='ltr'><strong>‘nympham’</strong></span> <span class='ocrx_word' id='word_1_509' title='bbox 2136 3109 2425 3174; x_wconf 71' lang='lat' dir='ltr'><strong>appellent.</strong></span> <span class='ocrx_word' id='word_1_510' title='bbox 2505 3107 2643 3158; x_wconf 77' lang='lat' dir='ltr'><strong>Nam</strong></span> 
     </span>
     <span class='ocr_line' id='line_1_88' title="bbox 1584 3185 2648 3252; baseline -0.003 -16"><span class='ocrx_word' id='word_1_511' title='bbox 1584 3187 1767 3237; x_wconf 85' lang='lat' dir='ltr'><strong>eadem</strong></span> <span class='ocrx_word' id='word_1_512' title='bbox 1793 3187 1991 3237; x_wconf 84' lang='lat' dir='ltr'><strong>Nostro</strong></span> <span class='ocrx_word' id='word_1_513' title='bbox 2013 3186 2197 3237; x_wconf 81' lang='lat' dir='ltr'><strong>scribit</strong></span> <span class='ocrx_word' id='word_1_514' title='bbox 2211 3186 2433 3252; x_wconf 77' lang='lat' dir='ltr'><strong>August.</strong></span> <span class='ocrx_word' id='word_1_515' title='bbox 2449 3185 2517 3235; x_wconf 82' lang='lat' dir='ltr'><strong>de</strong></span> <span class='ocrx_word' id='word_1_516' title='bbox 2532 3185 2648 3235; x_wconf 72' lang='lat' dir='ltr'><strong>Cir.</strong></span> 
     </span>
     <span class='ocr_line' id='line_1_89' title="bbox 1584 3261 2657 3326; baseline -0.001 -14"><span class='ocrx_word' id='word_1_517' title='bbox 1584 3262 1689 3312; x_wconf 84' lang='lat' dir='ltr'><strong>Dei</strong></span> <span class='ocrx_word' id='word_1_518' title='bbox 1712 3276 1817 3313; x_wconf 81' lang='lat' dir='ltr'><strong>vn.</strong></span> <span class='ocrx_word' id='word_1_519' title='bbox 1839 3266 1923 3324; x_wconf 72' lang='grc'><strong>35.</strong></span> <span class='ocrx_word' id='word_1_520' title='bbox 1956 3261 2163 3326; x_wconf 78' lang='lat' dir='ltr'><strong>‘Igitur</strong></span> <span class='ocrx_word' id='word_1_521' title='bbox 2198 3263 2474 3326; x_wconf 77' lang='lat' dir='ltr'><strong>nympham</strong></span> <span class='ocrx_word' id='word_1_522' title='bbox 2506 3262 2657 3325; x_wconf 67' lang='lat' dir='ltr'><strong>Ege·-</strong></span> 
     </span>
     <span class='ocr_line' id='line_1_90' title="bbox 1584 3337 2649 3404; baseline 0.001 -17"><span class='ocrx_word' id='word_1_523' title='bbox 1584 3341 1709 3389; x_wconf 83' lang='lat' dir='ltr'><strong>riam</strong></span> <span class='ocrx_word' id='word_1_524' title='bbox 1762 3339 2040 3404; x_wconf 73' lang='lat' dir='ltr'><strong>conjugem</strong></span> <span class='ocrx_word' id='word_1_525' title='bbox 2104 3339 2348 3390; x_wconf 80' lang='lat' dir='ltr'><strong>habuisse</strong></span> <span class='ocrx_word' id='word_1_526' title='bbox 2418 3337 2649 3388; x_wconf 48' lang='lat' dir='ltr'><strong>dicitu&amp;</strong></span> 
     </span>
    </p>
   </div>
   <div class='ocr_carea' id='block_1_13' title="bbox 1510 3414 2658 3467">
    <p class='ocr_par' dir='ltr' id='par_1_20' title="bbox 1510 3414 2658 3467">
     <span class='ocr_line' id='line_1_91' title="bbox 1510 3414 2658 3467; baseline -0.003 -1"><span class='ocrx_word' id='word_1_527' title='bbox 1510 3434 1516 3447; x_wconf 89' lang='lat'><strong>·</strong></span> <span class='ocrx_word' id='word_1_528' title='bbox 1584 3416 1830 3467; x_wconf 79' lang='lat' dir='ltr'><strong>Lactaut.</strong></span> <span class='ocrx_word' id='word_1_529' title='bbox 1877 3414 2177 3465; x_wconf 78' lang='lat' dir='ltr'><strong>Div.·1nst.</strong></span> <span class='ocrx_word' id='word_1_530' title='bbox 2210 3428 2250 3464; x_wconf 88' lang='lat'><strong>1.</strong></span> <span class='ocrx_word' id='word_1_531' title='bbox 2279 3419 2362 3464; x_wconf 83' lang='grc'><strong>22.</strong></span> <span class='ocrx_word' id='word_1_532' title='bbox 2404 3414 2658 3464; x_wconf 60' lang='lat' dir='ltr'><strong>‘Monituv</strong></span> 
     </span>
    </p>
   </div>
   <div class='ocr_carea' id='block_1_14' title="bbox 1584 3491 2645 3556">
    <p class='ocr_par' dir='ltr' id='par_1_21' title="bbox 1584 3491 2645 3556">
     <span class='ocr_line' id='line_1_92' title="bbox 1584 3491 2645 3556; baseline -0.002 -14"><span class='ocrx_word' id='word_1_533' title='bbox 1584 3493 1720 3542; x_wconf 82' lang='lat' dir='ltr'><strong>Deae</strong></span> <span class='ocrx_word' id='word_1_534' title='bbox 1744 3491 1980 3556; x_wconf 73' lang='lat' dir='ltr'><strong>conjugis</strong></span> <span class='ocrx_word' id='word_1_535' title='bbox 1999 3507 2062 3542; x_wconf 84' lang='lat' dir='ltr'><strong>ea</strong></span> <span class='ocrx_word' id='word_1_536' title='bbox 2079 3504 2227 3541; x_wconf 76' lang='lat' dir='ltr'><strong>saera</strong></span> <span class='ocrx_word' id='word_1_537' title='bbox 2246 3493 2437 3555; x_wconf 87' lang='lat' dir='ltr'><strong>populo</strong></span> <span class='ocrx_word' id='word_1_538' title='bbox 2460 3506 2516 3540; x_wconf 81' lang='lat' dir='ltr'><strong>se</strong></span> <span class='ocrx_word' id='word_1_539' title='bbox 2537 3500 2645 3540; x_wconf 84' lang='lat' dir='ltr'><strong>tra-</strong></span> 
     </span>
    </p>
   </div>
   <div class='ocr_carea' id='block_1_15' title="bbox 1557 3569 2649 3711">
    <p class='ocr_par' dir='ltr' id='par_1_22' title="bbox 1557 3569 2649 3711">
     <span class='ocr_line' id='line_1_93' title="bbox 1557 3569 2649 3635; baseline -0.003 -13"><span class='ocrx_word' id='word_1_540' title='bbox 1557 3616 1562 3621; x_wconf 92' lang='lat'><strong>.</strong></span> <span class='ocrx_word' id='word_1_541' title='bbox 1584 3569 1746 3622; x_wconf 66' lang='lat' dir='ltr'><strong>(lere.⁹</strong></span> <span class='ocrx_word' id='word_1_542' title='bbox 1780 3570 1940 3621; x_wconf 79' lang='lat' dir='ltr'><strong>ovid.</strong></span> <span class='ocrx_word' id='word_1_543' title='bbox 1959 3571 2104 3620; x_wconf 74' lang='lat' dir='ltr'><strong>Fast-</strong></span> <span class='ocrx_word' id='word_1_544' title='bbox 2120 3575 2335 3620; x_wconf 56' lang='lat' dir='ltr'><strong>maol.</strong></span> <span class='ocrx_word' id='word_1_545' title='bbox 2356 3577 2371 3600; x_wconf 85' lang='lat'>‘</span> <span class='ocrx_word' id='word_1_546' title='bbox 2390 3570 2649 3635; x_wconf 79' lang='lat' dir='ltr'><strong>Nympha,</strong></span> 
     </span>
     <span class='ocr_line' id='line_1_94' title="bbox 1557 3645 2647 3711; baseline -0.002 -15"><span class='ocrx_word' id='word_1_547' title='bbox 1557 3696 1562 3705; x_wconf 69' lang='grc'><strong>,</strong></span> <span class='ocrx_word' id='word_1_548' title='bbox 1584 3661 1754 3705; x_wconf 79' lang='lat' dir='ltr'><strong>moue,</strong></span> <span class='ocrx_word' id='word_1_549' title='bbox 1776 3645 1975 3696; x_wconf 84' lang='lat' dir='ltr'><strong>nemori</strong></span> <span class='ocrx_word' id='word_1_550' title='bbox 2000 3653 2290 3711; x_wconf 80' lang='lat' dir='ltr'><strong>stagnoque</strong></span> <span class='ocrx_word' id='word_1_551' title='bbox 2312 3655 2532 3710; x_wconf 80' lang='lat' dir='ltr'><strong>operata</strong></span> <span class='ocrx_word' id='word_1_552' title='bbox 2553 3646 2647 3694; x_wconf 85' lang='lat' dir='ltr'><strong>Di-</strong></span> 
     </span>
    </p>
   </div>
   <div class='ocr_carea' id='block_1_16' title="bbox 1584 3722 2696 4246">
    <p class='ocr_par' dir='ltr' id='par_1_23' title="bbox 1584 3722 2696 4246">
     <span class='ocr_line' id='line_1_95' title="bbox 1586 3722 2645 3788; baseline 0.001 -16"><span class='ocrx_word' id='word_1_553' title='bbox 1586 3738 1700 3773; x_wconf 80' lang='lat' dir='ltr'><strong>anae</strong></span> <span class='ocrx_word' id='word_1_554' title='bbox 1718 3739 1732 3773; x_wconf 71' lang='grc' dir='ltr'><strong>ι</strong></span> <span class='ocrx_word' id='word_1_555' title='bbox 1754 3723 2020 3788; x_wconf 79' lang='lat' dir='ltr'><strong>Nympha,</strong></span> <span class='ocrx_word' id='word_1_556' title='bbox 2043 3724 2232 3773; x_wconf 81' lang='lat' dir='ltr'><strong>Numae</strong></span> <span class='ocrx_word' id='word_1_557' title='bbox 2250 3724 2458 3786; x_wconf 82' lang='lat' dir='ltr'><strong>conjux,</strong></span> <span class='ocrx_word' id='word_1_558' title='bbox 2471 3722 2536 3771; x_wconf 85' lang='lat' dir='ltr'><strong>ad</strong></span> <span class='ocrx_word' id='word_1_559' title='bbox 2553 3731 2645 3773; x_wconf 82' lang='lat' dir='ltr'><strong>tua</strong></span> 
     </span>
     <span class='ocr_line' id='line_1_96' title="bbox 1585 3798 2696 3851; baseline -0.001 -2"><span class='ocrx_word' id='word_1_560' title='bbox 1585 3799 1725 3849; x_wconf 82' lang='lat' dir='ltr'><strong>festa</strong></span> <span class='ocrx_word' id='word_1_561' title='bbox 1758 3798 1914 3851; x_wconf 66' lang='lat' dir='ltr'><strong>veni!</strong></span> <span class='ocrx_word' id='word_1_562' title='bbox 1965 3800 2035 3849; x_wconf 76' lang='lat' dir='ltr'><strong>Et</strong></span> <span class='ocrx_word' id='word_1_563' title='bbox 2071 3798 2191 3849; x_wconf 80' lang='lat' dir='ltr'><strong>eorl.</strong></span> <span class='ocrx_word' id='word_1_564' title='bbox 2228 3799 2318 3848; x_wconf 86' lang='lat' dir='ltr'><strong>lib.</strong></span> <span class='ocrx_word' id='word_1_565' title='bbox 2357 3813 2490 3848; x_wconf 77' lang='lat' dir='ltr'><strong>vers.</strong></span> <span class='ocrx_word' id='word_1_566' title='bbox 2527 3802 2662 3850; x_wconf 60' lang='lat'><em>2⁰75:</em></span> <span class='ocrx_word' id='word_1_567' title='bbox 2692 3830 2696 3839; x_wconf 83' lang='lat'><em>-</em></span> 
     </span>
     <span class='ocr_line' id='line_1_97' title="bbox 1584 3874 2647 3940; baseline 0 -14"><span class='ocrx_word' id='word_1_568' title='bbox 1584 3875 1602 3905; x_wconf 86' lang='lat'>‘</span> <span class='ocrx_word' id='word_1_569' title='bbox 1623 3875 1816 3940; x_wconf 73' lang='lat' dir='ltr'><strong>Egeria</strong></span> <span class='ocrx_word' id='word_1_570' title='bbox 1831 3883 1931 3939; x_wconf 85' lang='lat' dir='ltr'><strong>est,</strong></span> <span class='ocrx_word' id='word_1_571' title='bbox 1953 3890 2068 3940; x_wconf 78' lang='lat' dir='ltr'><strong>quae</strong></span> <span class='ocrx_word' id='word_1_572' title='bbox 2094 3874 2295 3938; x_wconf 79' lang='lat' dir='ltr'><strong>proebet</strong></span> <span class='ocrx_word' id='word_1_573' title='bbox 2316 3889 2498 3938; x_wconf 86' lang='lat' dir='ltr'><strong>aquas,</strong></span> <span class='ocrx_word' id='word_1_574' title='bbox 2523 3876 2647 3926; x_wconf 86' lang='lat' dir='ltr'><strong>Dea</strong></span> 
     </span>
     <span class='ocr_line' id='line_1_98' title="bbox 1587 3948 2648 4017; baseline 0 -15"><span class='ocrx_word' id='word_1_575' title='bbox 1587 3960 1740 4016; x_wconf 72' lang='lat' dir='ltr'><strong>grata</strong></span> <span class='ocrx_word' id='word_1_576' title='bbox 1775 3951 2066 4002; x_wconf 80' lang='lat' dir='ltr'><strong>Camoenis:</strong></span> <span class='ocrx_word' id='word_1_577' title='bbox 2110 3948 2211 3999; x_wconf 84' lang='lat' dir='ltr'><strong>Illa</strong></span> <span class='ocrx_word' id='word_1_578' title='bbox 2241 3951 2423 4000; x_wconf 80' lang='lat' dir='ltr'><strong>Numae</strong></span> <span class='ocrx_word' id='word_1_579' title='bbox 2449 3952 2648 4017; x_wconf 81' lang='lat' dir='ltr'><strong>conjux</strong></span> 
     </span>
     <span class='ocr_line' id='line_1_99' title="bbox 1585 4025 2658 4093; baseline -0.002 -15"><span class='ocrx_word' id='word_1_580' title='bbox 1585 4027 1958 4092; x_wconf 79' lang='lat' dir='ltr'><strong>consiliumque</strong></span> <span class='ocrx_word' id='word_1_581' title='bbox 1997 4025 2135 4077; x_wconf 75' lang='lat' dir='ltr'><strong>fuit-⁹</strong></span> <span class='ocrx_word' id='word_1_582' title='bbox 2195 4026 2432 4077; x_wconf 85' lang='lat' dir='ltr'><strong>Martial.</strong></span> <span class='ocrx_word' id='word_1_583' title='bbox 2464 4026 2658 4093; x_wconf 68' lang='lat' dir='ltr'><strong>Epign·</strong></span> 
     </span>
     <span class='ocr_line' id='line_1_100' title="bbox 1587 4103 2643 4170; baseline 0 -15"><span class='ocrx_word' id='word_1_584' title='bbox 1587 4119 1667 4155; x_wconf 77' lang='lat' dir='ltr'><strong>vr.</strong></span> <span class='ocrx_word' id='word_1_585' title='bbox 1707 4109 1789 4155; x_wconf 79' lang='grc'><strong>47.</strong></span> <span class='ocrx_word' id='word_1_586' title='bbox 1840 4103 2120 4168; x_wconf 82' lang='lat' dir='ltr'><strong>‘Nympha</strong></span> <span class='ocrx_word' id='word_1_587' title='bbox 2152 4104 2253 4152; x_wconf 89' lang='lat' dir='ltr'><strong>mei</strong></span> <span class='ocrx_word' id='word_1_588' title='bbox 2291 4105 2486 4161; x_wconf 67' lang='lat' dir='ltr'><strong>stelle,</strong></span> <span class='ocrx_word' id='word_1_589' title='bbox 2524 4119 2643 4170; x_wconf 73' lang='lat' dir='ltr'><strong>qnae</strong></span> 
     </span>
     <span class='ocr_line' id='line_1_101' title="bbox 1586 4180 2676 4246; baseline -0.006 -12"><span class='ocrx_word' id='word_1_590' title='bbox 1586 4183 1735 4234; x_wconf 80' lang='lat' dir='ltr'><strong>fonte</strong></span> <span class='ocrx_word' id='word_1_591' title='bbox 1759 4180 2044 4232; x_wconf 80' lang='lat' dir='ltr'><strong>domestica</strong></span> <span class='ocrx_word' id='word_1_592' title='bbox 2066 4194 2195 4246; x_wconf 86' lang='lat' dir='ltr'><strong>puro</strong></span> <span class='ocrx_word' id='word_1_593' title='bbox 2218 4181 2455 4244; x_wconf 82' lang='lat' dir='ltr'><strong>Laberis,</strong></span> <span class='ocrx_word' id='word_1_594' title='bbox 2476 4190 2532 4233; x_wconf 90' lang='lat' dir='ltr'><strong>et</strong></span> <span class='ocrx_word' id='word_1_595' title='bbox 2551 4180 2645 4235; x_wconf 87' lang='lat' dir='ltr'><strong>do·</strong></span> <span class='ocrx_word' id='word_1_596' title='bbox 2669 4220 2676 4227; x_wconf 86' lang='grc'><strong>.</strong></span> 
     </span>
    </p>
   </div>
   <div class='ocr_carea' id='block_1_17' title="bbox 1586 4259 2648 4328">
    <p class='ocr_par' dir='ltr' id='par_1_24' title="bbox 1586 4259 2648 4328">
     <span class='ocr_line' id='line_1_102' title="bbox 1586 4259 2648 4328; baseline -0.005 -13"><span class='ocrx_word' id='word_1_597' title='bbox 1586 4262 1713 4315; x_wconf 87' lang='lat' dir='ltr'><strong>mini</strong></span> <span class='ocrx_word' id='word_1_598' title='bbox 1745 4275 1980 4328; x_wconf 79' lang='lat' dir='ltr'><strong>gemmea</strong></span> <span class='ocrx_word' id='word_1_599' title='bbox 2006 4267 2152 4314; x_wconf 71' lang='lat' dir='ltr'><strong>teet·</strong></span> <span class='ocrx_word' id='word_1_600' title='bbox 2174 4260 2336 4315; x_wconf 83' lang='lat' dir='ltr'><strong>subis.</strong></span> <span class='ocrx_word' id='word_1_601' title='bbox 2384 4261 2507 4313; x_wconf 78' lang='lat' dir='ltr'><strong>Sive</strong></span> <span class='ocrx_word' id='word_1_602' title='bbox 2529 4259 2648 4312; x_wconf 84' lang='lat' dir='ltr'><strong>Nu-</strong></span> 
     </span>
    </p>
   </div>
   <div class='ocr_carea' id='block_1_18' title="bbox 2993 1037 3002 3640">
    <p class='ocr_par' dir='ltr' id='par_1_25' title="bbox 2993 1037 3002 3640">
     <span class='ocr_line' id='line_1_103' title="bbox 2993 1037 3002 3640; baseline 0 0"><span class='ocrx_word' id='word_1_603' title='bbox 2993 1037 3002 3640; x_wconf 95' lang='lat' dir='ltr'><strong> </strong></span> 
     </span>
    </p>
   </div>
  </div>
 </body>
</html>
