3025 4934
588 418 719 484 692

587 577 737 626 nius:
774 582 831 625 et
851 575 927 626 M.
950 574 1154 629 Curtio.
1184 581 1242 622 ut
1273 573 1386 636 ipse
1419 572 1648 622 oratione

591 660 711 716 post
736 651 953 701 reditum
978 652 1034 716 in⁸
1054 658 1236 698 senatu
1260 649 1496 699 affirmat.
1542 648 1645 700 Ac-

585 727 801 777 cidebat
823 719 996 775 autern
1019 733 1077 774 ut
1100 739 1230 774 unus
1263 732 1490 786 quaestor
1520 724 1647 774 duo·

589 819 704 854 rum
728 813 1006 867 praetorum
1030 808 1185 852 esset.
1239 802 1483 852 Nicolaus
1506 801 1645 852 Gru·

587 879 734 929 obius
763 893 830 928 ιι.
864 878 931 930 de
967 877 1219 927 Comitiis.
1284 878 1497 939 Duplex
1524 890 1645 927 vero

588 955 645 1004 in
681 954 857 1004 Sicilia
895 960 1120 1018 qnaestor
1160 957 1306 1001 eratz
1347 966 1475 1002 uuus
1510 952 1645 1017 Lily-

587 1030 847 1090 baetanns,
892 1031 1029 1079 alter
1068 1030 1419 1092 Syracusanus
1456 1027 1645 1079 dictus.

590 1104 926 1160 Plutarchus,
951 1105 1142 1153 Ascon.
1176 1103 1459 1163 Pedianus,
1482 1112 1539 1153 et
1561 1104 1646 1154 Ci-

581 1197 710 1236 ‚cero
733 1195 828 1245 pro
850 1182 1088 1239 Plancio,
1110 1181 1334 1230 Verrina
1354 1179 1481 1228 libb.
1500 1194 1567 1229 ιι.
1591 1187 1646 1229 et

575 1272 695 1313 ,vm
728 1259 918 1310 Schott.
962 1258 1144 1307 Latius
1162 1258 1274 1306 baec
1298 1257 1488 1315 omnia,
1505 1255 1645 1305 unde

590 1352 683 1386 sua
719 1335 890 1384 hausit
926 1335 1191 1390 Schottus‚
1227 1340 1423 1383 tractat
1463 1331 1648 1382 Fabri-

589 1415 701 1461 cius
732 1412 782 1460 in
806 1410 1011 1460 Histor.
1035 1410 1201 1460 Cicer.
1223 1423 1275 1473 p.
1296 1413 1379 1459 69.
1409 1409 1583 1458 Arutz.
1611 1417 1617 1423 '

577 1525 591 1532 -
653 1487 847 1536 Praetor
862 1485 1107 1548 Cilicium]
1136 1485 1258 1534 Fuit
1276 1485 1497 1534 urbanus
1514 1499 1646 1547 prae-

589 1561 771 1625 tor·A.
798 1561 867 1610 U.
896 1563 959 1613 C.
996 1575 1289 1611 ncxxcvn.
1326 1561 1499 1610 aetatis
1533 1573 1646 1610 xn-

581 1640 824 1689 VCiliciam
841 1653 965 1688 vero
987 1638 1301 1700 provinciam
1321 1637 1645 1687 consularem

579 1718 822 1780 privatus
837 1701 979 1767 so'rte
996 1716 1223 1766 obtinuit
1236 1728 1406 1765 occu.
1419 1714 1488 1764 ab
1502 1714 1567 1763 U.
1582 1713 1644 1764 C.

573 1794 761 1844 „aetatis
809 1806 921 1842 tvl.
978 1800 1194 1842 aitctore
1241 1791 1547 1851 Plutarcho,
1589 1796 1646 1838 et

590 1867 702 1918 Cic.
726 1867 790 1916 ad
823 1865 985 1917 Attic.
1012 1868 1181 1930 Epist.
1213 1880 1269 1915 v.
1294 1869 1372 1917 15.
1409 1867 1474 1915 ad
1497 1864 1645 1914 Fam.

588 1957 677 1994 ιιι.
697 1949 748 1993 6.
819 1944 1003 2009 Itaque
1039 1950 1238 2006 praetor
1270 1942 1355 1991 bic
1392 1955 1494 1990 non
1529 1956 1644 1990 eum

582 2019 865 2084 significat,
900 2020 988 2084 qui
1018 2018 1371 2083 jurisdictioni
1407 2018 1459 2066 in
1498 2018 1646 2067 Urbe

588 2105 805 2161 praeest‚
821 2096 910 2145 sed
930 2096 1151 2159 quicum
1173 2094 1387 2159 imperio
1407 2101 1646 2143 extraor-

579 2172 794 2223 »dinario
845 2172 897 2219 in
951 2170 1268 2232 provinciam
1318 2168 1502 2217 missus
1547 2174 1647 2225 est,

591 2247 714 2295 Grae
721 2248 796 2296 cis
808 2243 1099 2309 στρατηγός.
1122 2244 1309 2294 Schott.
1341 2246 1421 2293 De
1433 2242 1533 2293 bac
1545 2243 1646 2306 sig-

583 2322 893 2379 nificatione
920 2321 1065 2370 vocis
1094 2320 1332 2384 praetoris
1353 2333 1511 2383 supra
1541 2318 1645 2382 egi·

578 2413 704 2464 ,mus
727 2412 774 2447 c.
795 2402 879 2450 63.
903 2399 933 2462 ἧ
953 2402 1003 2447 2.
1034 2398 1209 2447 Arutz.

577 2517 583 2530 2
656 2476 686 2538 ᾧ
719 2479 751 2524 4
784 2475 964 2525 Pisone
984 2479 1035 2524 et
1058 2475 1291 2539 Gabinio]
1328 2475 1389 2525 L.
1426 2474 1646 2535 Calpur-

581 2552 707 2601 nius
744 2552 865 2602 Piso
907 2552 1170 2602 Caesonius
1207 2563 1260 2602 et
1294 2551 1360 2601 A.
1393 2551 1648 2602 Gabinius

584 2630 830 2678 consules
864 2630 914 2678 in
953 2629 1121 2678 Fastis
1146 2628 1458 2692 Capitolinis
1487 2627 1648 2675 nomi·

585 2712 783 2754 uantur
803 2720 953 2766 auno,
974 2706 1028 2754 ni
1049 2704 1221 2761 fallor,
1242 2717 1447 2755 ncxcv.
1479 2702 1648 2753 Schot-

581 2784 687 2829 ttoe.
735 2795 740 2802 ·

579 2899 596 2910 ,
656 2857 990 2907 Macedoniam
1032 2855 1311 2920 Asiamque]
1360 2856 1480 2906 Hoc
1534 2858 1651 2906 loco

585 2936 836 2986 Schottus
858 2950 952 3000 pro
973 2937 1160 2994 Asiam,
1175 2939 1308 3002 qnod
1333 2948 1449 2987 erat
1473 2941 1522 2987 in
1547 2938 1651 2988 Ms.

591 3021 901 3075 reposuerat
931 3012 1138 3077 Syriam,
1159 3015 1295 3077 quod
1331 3016 1535 3064 scilicet
1565 3030 1671 3070 ex·‚

583 3091 851 3144 ,iutimaret
885 3091 1035 3139 nimis
1070 3091 1311 3152 generale
1352 3092 1477 3139 illud
1519 3104 1650 3140 esse.

590 3166 692 3214 Sed
717 3174 888 3215 tamen
911 3181 974 3216 eo
998 3166 1151 3216 modo
1172 3168 1449 3217 emendare
1471 3179 1649 3216 neces-

583 3254 649 3290 se
689 3254 791 3289 non
833 3247 933 3301 est,
968 3256 1085 3290 cum
1128 3257 1228 3291 nou
1275 3244 1436 3291 solum
1480 3244 1652 3306 Syria,

593 3332 769 3367 verum
794 3324 851 3367 et
871 3319 987 3367 aliae
1004 3318 1144 3367 Asiae
1172 3319 1406 3382 regiones
1424 3318 1650 3369 Gabinio

583 3391 792 3442 fuerint
822 3395 1112 3457 attribntoe,
1136 3403 1193 3444 ut
1225 3401 1433 3444 constat
1462 3410 1529 3444 ex
1564 3394 1650 3446 Ci-

594 3484 698 3518 cer.
723 3484 817 3532 pro
835 3471 1009 3519 Domo
1030 3485 1077 3521 c.
1097 3474 1182 3520 23.
1214 3471 1413 3520 ‘Alteri
1431 3471 1653 3535 Syriam,

583 3545 936 3608 Babylonem,
956 3547 1147 3596 Persas
1177 3547 1537 3611 integerrimas
1562 3563 1652 3610 pa-

589 3622 981 3686 catissimasque
1003 3630 1185 3686 gentes
1217 3624 1283 3672 ad
1306 3623 1658 3687 diripiendum⁴

595 3697 897 3749 tradidisses
915 3701 950 3749 ε’
983 3707 1042 3750 ιιι
1065 3715 1168 3750 non
1189 3701 1371 3750 mirum
1395 3701 1482 3761 sit,
1505 3700 1548 3748 si
1574 3707 1648 3749 ta·

595 3776 695 3824 lem
741 3777 1052 3839 provinciam
1105 3777 1309 3827 ‘Asiam
1329 3777 1344 3799 ’
1399 3776 1652 3840 appellet,

587 3852 850 3917 quomodo
895 3852 1078 3903 Cicero
1121 3854 1359 3904 Ciliciam
1411 3851 1655 3902 ‘Asiam'

593 3928 729 3978 dixit
770 3929 836 3978 ad
871 3930 1052 3981 Quint.
1092 3932 1278 3980 Fratr.·
1309 3931 1478 3994 Epist.
1518 3944 1557 3979 ι.
1603 3933 1650 3978 1.

591 4008 609 4034 ‘
626 4007 799 4057 Quare
824 4017 970 4069 cura,
992 4014 1050 4056 ut
1071 4008 1155 4056 bic
1179 3999 1338 4056 annus
1360 4007 1447 4072 qui
1477 4005 1544 4054 ad
1578 4006 1652 4055 la-

595 4079 774 4130 borem
813 4091 956 4131 tuum
993 4084 1230 4146 accessit,
1255 4083 1390 4132 idem
1426 4082 1492 4130 ad
1518 4083 1651 4131 salu-

597 4163 703 4205 tem
728 4153 868 4206 Asiae
901 4164 1206 4221 prorogatus
1240 4171 1351 4207 esse
1386 4159 1653 4220 videatur-3

596 4233 833 4296 quoniam
877 4234 930 4283 in
975 4241 1028 4284 te
1071 4234 1344 4284 retinendo
1387 4232 1489 4283 fuit
1526 4232 1654 4283 Asia

590 4306 823 4375 felicior,
864 4325 1016 4376 quam
1068 4325 1164 4364 nos
1216 4312 1270 4363 in
1309 4308 1654 4363 deducendo.’

1177 449 1182 456 ’
1287 428 1506 479 NO'I'AE
1552 426 1956 478 vamonuu
2008 426 2088 474 m

1716 568 1972 622 Similiter
2002 568 2018 598 ⁴
2040 566 2309 633 provincia
2353 566 2516 619 Asia’
2551 569 2773 619 occurrit

1719 644 1856 710 apud
1891 645 2066 695 Tacit.
2091 642 2227 694 Anu.
2250 657 2381 694 xm.
2402 648 2486 694 4⁸.
2523 652 2581 695 et
2605 644 2774 709 Agr-ie.

1717 736 1764 772 c.
1787 725 1836 771 6.
1893 721 1964 770 Et
1986 720 2184 769 certius
2204 720 2445 770 lectionis
2467 719 2623 783 huJus
2646 721 2774 769 veri·

1720 806 1799 847 tas
1819 796 2151 846 confirmatur
2183 810 2247 844 ex
2278 795 2432 860 Floro
2455 808 2533 845 ιν.
2559 800 2611 846 2.
2645 800 2672 861 §
2697 799 2776 847 12.

1717 873 1806 938 qni
1841 861 2023 922 scribit
2061 872 2321 921 Coesarem
2364 870 2589 934 Gallias,
2634 873 2778 923 Cras·

1715 964 1828 999 sum
1867 946 2111 998 ‘Asiam’
2153 948 2396 996 invasisse
2442 948 2778 1012 provinciam,

1716 1041 1813 1092 per
1834 1041 1986 1091 quam
2014 1026 2217 1091 Syriam
2248 1039 2362 1077 esse
2388 1026 2778 1089 intelligendam

1715 1112 1923 1156 constat
1945 1118 2011 1154 ex
2035 1103 2170 1153 Livii
2194 1104 2339 1167 Epit.
2362 1103 2451 1153 lib.
2470 1117 2558 1155 CV.
2593 1103 2616 1160 ‘,
2630 1105 2778 1155 Cras‘·

1716 1195 1775 1230 so
1795 1181 1951 1245 Syria
1971 1186 2028 1230 et
2052 1180 2354 1229 Parthicum
2376 1179 2592 1242 bellum,
2613 1181 2777 1231 Caesa-

1716 1258 1762 1306 ri
1817 1257 1990 1307 Gallia
2044 1263 2101 1307 et
2155 1255 2437 1307 Germania
2485 1253 2780 1306 dabantur!

1715 1334 1888 1383 Arutz.

1787 1413 1944 1475 Opera
1959 1408 2124 1474 leuius]
2157 1409 2457 1475 Legendum
2474 1410 2663 1473 opinor
2677 1425 2780 1475 ope-2

1716 1505 1788 1539 ra
1805 1490 1963 1554 Ιιιῄιιε,
1985 1503 2086 1556 qna
2112 1490 2180 1540 de
2214 1503 2271 1538 re
2295 1488 2413 1538 vide
2445 1488 2627 1552 Sigon.
2663 1502 2778 1549 sup.

1717 1571 1835 1617 283.
1867 1566 2000 1632 Syll».
2069 1569 2227 1630 Opera
2260 1567 2402 1628 Ιινάιισ
2435 1564 2662 1627 intelligi
2691 1563 2778 1613 de·

1721 1642 1813 1693 bet
1842 1643 1910 1692 de
1944 1644 2008 1692 Ρ.
2045 1643 2264 1693 Clodio:
2298 1642 2390 1691 sed
2415 1641 2521 1691 tale
2545 1640 2672 1705 qnid
2696 1640 2781 1689 vix

1721 1719 1920 1783 patitur
1944 1719 2221 1769 verborum
2246 1732 2407 1768 nexus
2432 1734 2448 1777 ;
2481 1718 2659 1781 itaque
2682 1730 2780 1765 uun

1718 1794 1978 1844 immerito
2001 1795 2149 1845 locus
2170 1794 2349 1844 baberi
2374 1800 2534 1859 queat
2567 1805 2782 1855 suspec-

1719 1878 1804 1921 tus
1848 1871 1915 1921 de
1962 1870 2166 1920 mendo.
2202 1871 2402 1920 Gruter.
2469 1870 2662 1932 Neque
2698 1868 2783 1917 bic

1718 1946 1863 1997 locus
1885 1947 2144 1997 medicina
2163 1953 2304 2008 eget,
2338 1959 2454 1995 cum
2486 1944 2585 2005 Ιιίσ,
2622 1945 2779 1993 etiam

1719 2026 1764 2074 si
1795 2024 2024 2074 solitarie
2062 2030 2303 2087 ponatur,
2326 2036 2430 2071 non
2452 2021 2518 2070 ad
2546 2022 2784 2084 proxime

1720 2101 2021 2164 praecedens
2040 2098 2130 2149 sed
2153 2099 2220 2148 ad
2243 2098 2456 2147 ulterius
2490 2095 2676 2146 referri
2699 2112 2782 2145 so-

1717 2177 1842 2226 leat.
1908 2177 2162 2239 Exempla
2185 2176 2302 2224 vide
2337 2173 2475 2239 apud
2502 2173 2782 2223 Burmann.

1720 2252 1787 2301 ad
1813 2252 2066 2303 Quinctil.
2100 2251 2228 2300 lust.
2264 2265 2326 2301 u.
2360 2256 2411 2300 5.
2447 2257 2503 2300 et
2536 2250 2682 2299 Cort.
2715 2250 2782 2299 ad

1717 2327 1930 2378 Sallust.
1947 2327 2130 2389 Jug.c.
2152 2331 2232 2376 18.
2250 2330 2278 2390 ς
2294 2330 2344 2376 9.
2388 2326 2578 2375 Similis
2602 2335 2683 2374 est
2706 2326 2781 2374 lo·

1718 2418 1809 2453 cus
1842 2403 1983 2453 Flori
2018 2417 2059 2453 1.
2087 2408 2168 2453 26.
2204 2405 2303 2467 §⁷.
2339 2402 2456 2451 ‘Ac
2490 2402 2556 2451 de
2587 2402 2782 2465 Spurio

1720 2481 1926 2546 quidem
1948 2480 2257 2544 supplicium
2283 2487 2432 2542 pater
2456 2480 2622 2542 ipsius
2644 2494 2784 2528 snm-

1722 2558 1810 2606 sit.
1876 2555 2034 2605 Hunc
2067 2555 2303 2608 Quinctii
2343 2555 2612 2605 dictatoris
2636 2557 2783 2619 inpe-

1723 2633 1800 2680 rio
1838 2632 1890 2680 in
1925 2630 2096 2681 medio
2125 2628 2242 2679 foro
2276 2630 2518 2693 magister
2548 2632 2784 2694 equitnm

1720 2709 1969 2760 Servilius
2012 2707 2179 2757 Abala
2221 2706 2495 2758 confodit.'
2561 2709 2618 2757 Si
2669 2709 2786 2772 Syl·

1725 2786 1893 2848 burgii
1915 2785 2216 2849 conjectura
2246 2783 2588 2845 reciperetur,
2612 2786 2783 2847 potius

1726 2862 1923 2911 Noster
1949 2861 2244 2926 scripsisset
2275 2858 2415 2920 hm'us
2441 2875 2615 2923 opera.
2648 2859 2785 2910 Aru-

1725 2939 1944 2989 tzenius.
2286 2985 2291 2992 ,

1786 3018 1815 3080 §
1839 3021 1868 3063 5
1911 3013 2075 3078 Ultro]
2110 3014 2246 3063 Nam
2270 3020 2620 3076 praeterquam
2644 3013 2784 3078 quod

1721 3089 2012 3139 Dolabellae
2035 3090 2086 3137 id
2121 3089 2317 3150 negotii
2353 3088 2584 3137 dedisset
2608 3090 2786 3139 Caesar

1723 3168 1907 3230 victor,
1928 3175 1985 3215 ut
2008 3165 2073 3214 ad
2103 3167 2407 3216 Ciceronem
2426 3165 2701 3225 scriberet,
2725 3172 2785 3214 nt

1721 3256 1874 3307 quam
1922 3244 2138 3305 primum
2182 3241 2233 3291 in
2278 3241 2485 3292 Italiam
2542 3240 2781 3301 rediret;

1719 3320 1833 3382 ipse
1856 3318 2032 3367 literas
2057 3318 2122 3367 ad
2155 3332 2273 3370 eum¹
2293 3331 2360 3367 ex
2380 3316 2605 3381 AEgypto
2629 3316 2785 3379 misit,

1721 3403 1781 3443 ut
1823 3402 1964 3443 esset
2005 3394 2161 3458 idem,
2197 3393 2286 3457 qui
2327 3391 2528 3442 fuisset.
2597 3393 2782 3442 Cicero

1720 3470 1788 3522 ad
1835 3471 1982 3519 Fam.
2022 3469 2114 3520 lib.
2160 3484 2285 3520 x1v.
2324 3469 2543 3533 epistola
2586 3470 2682 3518 nit.
2726 3476 2783 3518 et

1719 3553 1856 3597 orat.
1894 3561 1987 3610 pro
2023 3548 2093 3598 Q.
2133 3546 2355 3609 Ligario.
2419 3545 2557 3593 Vide
2592 3545 2692 3610 Ep.
2713 3544 2780 3594 ad

1720 3625 1887 3675 Attic.
1910 3625 1998 3673 lib.
2021 3637 2104 3672 xi.
2127 3631 2352 3674 extrem.
2386 3622 2574 3672 Scholt.

1785 3703 1866 3765 §6
1898 3700 2106 3754 Formiis
2119 3697 2399 3763 quiesceret]
2433 3699 2521 3748 Ita
2545 3706 2604 3748 et
2619 3699 2779 3749 Euse-

1722 3776 1838 3826 bius
1875 3777 1928 3826 in
1970 3776 2258 3826 Chronicis.
2325 3774 2409 3826 Ad
2446 3775 2683 3823 Caietam
2729 3774 2778 3823 in

1722 3852 1845 3901 villa
1877 3867 1990 3913 sua,
2013 3852 2181 3915 inquit
2202 3850 2445 3899 Valerius
2465 3850 2778 3902 Memorabi-

1721 3928 1845 3977 lium
1883 3942 1922 3977 ι.
1959 3932 2009 3977 Δ.
2047 3933 2102 3976 et
2130 3927 2474 3976 Plutarchus:
2510 3926 2776 3991 Appianas

1721 4020 1845 4056 „vero
1890 4003 1957 4056 ad
2002 4005 2232 4067 Capuam
2292 4003 2562 4053 Ciceronis
2609 4005 2776 4053 villam

1721 4077 1981 4134 collocat:
2019 4080 2139 4129 inde
2163 4094 2218 4127 se
2247 4094 2278 4127 a
2307 4079 2470 4128 servis
2503 4080 2696 4129 lectica
2712 4079 2776 4130 ad

1721 4173 1862 4208 mare
1906 4155 2102 4206 deferri
2137 4156 2311 4220 jussit.
2376 4155 2526 4205 Idem
2572 4156 2775 4206 Plutar-

1722 4235 1845 4284 chus
1879 4234 2052 4298 plures
2087 4246 2267 4281 corvos
2303 4229 2531 4282 infausta
2552 4232 2777 4298 auspicia

1722 4309 1931 4362 dedisse
1955 4310 2047 4361 ait.
2079 4308 2265 4359 Schult-
