3025 4934
520 376 656 441 872

527 533 736 585 Bodlei.
760 539 815 584 et
838 547 986 589 unus,
1019 546 1171 599 quem
1210 533 1329 582 olim
1366 534 1591 595 contuli,

528 611 647 662 cod.
693 611 1014 662 interserunt
1053 624 1190 673 rogo,
1234 609 1412 674 inquit,
1456 621 1593 660 mane

525 698 709 737 contra
732 700 925 735 morem
943 685 1120 734 Plinii.
1150 684 1240 735 Sic
1258 686 1391 735 euim
1415 687 1593 750 paullo

526 768 650 827 post
681 769 698 791 ‘
722 762 1055 823 Evigilaram,
1078 760 1299 810 nuncius
1321 777 1352 811 a
1373 761 1592 825 Spurin-

524 839 632 895 na,'
672 838 759 888 ubi
803 840 991 888 iterum
1032 836 1106 886 ait
1146 835 1369 887 intrudit
1411 837 1592 901 iniqua

524 915 699 965 Plinio
733 928 913 963 manus
949 918 1005 963 et
1037 913 1152 962 aliis
1186 913 1330 961 locis.
1396 910 1593 962 Confer

522 989 786 1039 Pricaenm
820 988 885 1038 ad
912 988 1032 1038 Aet.
1057 986 1245 1050 Apost.
1281 1002 1331 1037 c.
1352 1000 1407 1036 v.
1439 1001 1518 1036 vs.
1537 991 1590 1039 9.

521 1066 595 1116 Et
629 1065 801 1129 Epist.
831 1064 968 1116 Crit.
999 1070 1183 1114 contra
1219 1064 1387 1112 Notas
1409 1062 1589 1112 Bentl.

521 1142 575 1191 in
599 1141 810 1192 Phaedr.
835 1157 886 1206 p.
910 1145 993 1191 28.
1029 1139 1119 1189 fin.
1157 1140 1347 1192 Justin.
1381 1150 1588 1188 xxxiv.

520 1222 573 1269 3.
594 1220 622 1283 ς
645 1223 697 1269 6.
729 1219 745 1248 ‘
775 1218 1023 1267 Senatum
1061 1215 1209 1279 adiit,
1248 1215 1588 1279 obsidemque

522 1310 580 1345 se
603 1296 722 1344 vivo
746 1292 910 1343 fratre
935 1290 1175 1349 venisse,’
1197 1291 1332 1357 quod
1358 1291 1588 1354 suppleri

519 1371 702 1432 debet,
724 1377 961 1422 senatum
986 1368 1137 1433 adiit,
1161 1377 1217 1418 et
1238 1368 1427 1433 inquit,
1450 1367 1587 1417 obsi·

518 1448 638 1498 dem
663 1464 719 1497 se
740 1447 943 1497 venisse
962 1463 979 1508 ς
999 1447 1128 1497 adeo
1145 1452 1203 1496 ut
1222 1444 1588 1509 amplectenda

521 1539 626 1575 non
673 1525 744 1575 sit
790 1523 965 1575 Grotii
1023 1522 1320 1573 emendatio
1363 1520 1430 1569 de
1473 1520 1591 1572 Jur.

517 1600 657 1650 Bell.
698 1606 756 1649 et
792 1599 922 1648 Pac.
959 1611 1048 1649 111.
1089 1602 1135 1647 3.
1178 1598 1207 1660 ς
1241 1600 1324 1647 56.
1364 1596 1586 1659 legentis

515 1678 725 1727 obsidem
744 1678 959 1741 inquiens
978 1692 1029 1725 se
1045 1692 1067 1736 ‚-
1096 1690 1257 1741 quare
1279 1675 1437 1725 talem
1461 1688 1585 1724 con-

492 1809 495 1811 ,
516 1756 856 1804 structionem
879 1753 1085 1803 felicius
1108 1752 1349 1802 defendit
1370 1752 1585 1816 Cottius

519 1830 585 1881 ad
610 1831 817 1880 Sallust.
837 1830 960 1894 Jug.
978 1844 1025 1878 c.
1039 1833 1123 1888 fil.
1147 1830 1176 1892 ξ
1204 1832 1248 1878 1.
1286 1824 1584 1877 Offendunt

516 1915 692 1958 sutem
732 1907 785 1956 in
821 1905 1131 1970 compendio
1164 1904 1459 1969 conjunctas
1498 1904 1582 1953 hae

517 1997 690 2041 voces,
726 1982 968 2043 clamavit,
1008 1981 1185 2044 inquit,
1227 1994 1345 2029 curn
1389 1981 1584 2029 alteru·-

516 2066 654 2109 trum
673 2066 880 2109 tannim
904 2056 1248 2106 necessarium
1273 2061 1431 2111 esset,
1453 2069 1582 2119 qua·

514 2148 573 2185 re
617 2136 802 2199 priscae
848 2131 968 2182 edd.
1003 2146 1181 2190 vocem
1217 2131 1441 2180 clamavit
1477 2144 1584 2179 non

516 2211 792 2267 admisere.
811 2225 927 2275 quae
952 2218 1123 2259 tamen
1155 2209 1207 2257 in
1235 2208 1440 2258 schotti
1477 2207 1585 2257 fnit

515 2288 670 2339 codd.
708 2295 764 2336 et
794 2301 826 2335 a
864 2285 1053 2335 uostris
1092 2282 1448 2347 confirmatur,
1482 2283 1584 2331 nisi

516 2363 656 2429 quod
677 2363 747 2412 de
772 2363 945 2411 Haun.
968 2368 1022 2431 et
1046 2360 1282 2412 Gratum.
1318 2359 1443 2408 iliud
1482 2372 1581 2423 pro

513 2447 663 2490 certo
694 2439 873 2488 dicere
896 2453 999 2488 non
1024 2438 1264 2499 audeam,
1290 2450 1406 2485 cum
1438 2436 1583 2485 nulla

512 2516 623 2565 illic
658 2518 885 2565 varietas
924 2506 1218 2563 annotetur.
1286 2513 1464 2565 Quare
1496 2512 1580 2562 bic

513 2605 797 2642 consensus
830 2590 964 2640 Mss.
998 2603 1080 2638 nie
1117 2588 1314 2652 coegit,
1348 2596 1591 2659 utnunc

515 2670 618 2718 alia
639 2665 861 2718 s‘eutiam
885 2675 940 2719 et
965 2674 1235 2731 utramque
1273 2680 1453 2716 vocem
1487 2679 1578 2715 au·

512 2744 667 2794 deam
689 2742 998 2793 defendere.
1039 2742 1287 2795 ,lustinus
1310 2756 1352 2791 ι.
1375 2746 1424 2791 8.
1446 2742 1474 2805 §
1498 2745 1579 2790 13.

509 2825 527 2850 ⁸
545 2822 721 2885 Caput
740 2820 866 2884 Cyri
884 2826 1210 2884 amputatum
1228 2819 1279 2866 in
1298 2825 1464 2866 utrem
1482 2816 1576 2865 hu·

512 2911 664 2946 mano
684 2895 933 2960 sanguine
955 2896 1211 2959 repletum
1230 2894 1420 2958 conjici
1439 2892 1577 2956 regi-

511 2991 580 3027 na
605 2975 783 3040 jubet,
831 2990 949 3026 cum
997 2975 1095 3024 hac
1150 2973 1576 3038 exprobratione,

509 3056 658 3104 Satia'
680 3061 755 3110 te,
788 3054 973 3118 inquit,
1003 3051 1251 3115 sanguine
1270 3051 1303 3099 τ’
1335 3050 1421 3099 ubi
1446 3049 1574 3098 illud

508 3132 667 3195 inquit
690 3132 852 3181 etiam
882 3137 1179 3194 suspectum
1203 3127 1362 3178 habet
1397 3126 1575 3177 schef-

510 3207 671 3274 sersus.
739 3205 925 3273 virgil.
949 3206 1063 3255 AEu.
1087 3218 1151 3254 n.
1172 3208 1256 3254 76.
1290 3207 1305 3232 ⁸
1330 3204 1431 3253 Ille
1461 3204 1574 3252 haec

509 3283 545 3331 d
582 3284 750 3347 posita
803 3282 1010 3332 tandem
1054 3279 1334 3330 formidine
1386 3278 1532 3329 fatur
1559 3295 1575 3328 t

561 3368 718 3409 uncta
762 3358 1006 3420 equidem
1051 3356 1163 3410 tibi,
1220 3368 1334 3418 rex,
1385 3353 1576 3418 <fuerit

509 3432 884 3500 quodcunque)
924 3430 1128 3483 fatebor
1170 3432 1330 3494 Vera,
1371 3430 1576 3495 inquit)

512 3511 584 3560 Et
612 3524 666 3561 v.
689 3514 806 3559 ⁶4⁷.
849 3511 866 3537 ‘
889 3506 1171 3573 Epytidem
1213 3514 1384 3564 vocat,
1419 3515 1474 3556 et
1513 3507 1573 3556 fi·

510 3587 741 3637 dsm÷sic
773 3584 919 3636 fatur
948 3584 1014 3634 ad
1046 3598 1249 3634 aurem:
1286 3584 1433 3634 Vade
1458 3599 1575 3648 age,

510 3673 565 3713 et
586 3662 833 3719 Ascanio,
864 3661 907 3711 si
934 3661 1044 3724 jam
1088 3662 1290 3724 puerile
1329 3669 1572 3724 paratum

508 3742 712 3804 Agmeu
745 3739 905 3796 babet
942 3752 1138 3794 secum,
1181 3751 1462 3805 cursusque
1495 3738 1572 3786 in·

509 3818 701 3867 struxit
733 3829 1003 3879 equorum,
1026 3816 1205 3864 Ducat
1242 3829 1338 3863 avo
1373 3822 1573 3864 turmas

507 3903 565 3944 et
606 3908 721 3943 sese
759 3891 1005 3942 ostendat
1038 3893 1091 3940 in
1125 3892 1279 3940 armis
1302 3892 1421 3947 Dic,
1446 3891 1575 3950 aitz’

508 3969 598 4019 ubi
621 3967 805 4019 confer
823 3967 1084 4018 Servium.
1115 3966 1288 4015 Aratz.

555 4048 585 4110 §
602 4048 633 4094 8
651 4045 874 4095 Metellus
891 4043 1178 4096 Numidicus
1194 4044 1414 4092 exsulare
1429 4058 1572 4106 quum

492 4125 664 4186 jurare
705 4120 900 4184 maluit]
943 4121 1246 4186 Appianus:
1280 4121 1298 4148 ‘
1321 4120 1571 4171 Metellus

507 4206 682 4251 autem
729 4193 1042 4248 nou'solum
1082 4196 1443 4261 jusjurandum
1488 4209 1574 4246 re-

505 4276 641 4342 nuit,
677 4277 794 4335 sed‚
829 4282 886 4328 ut
917 4274 1067 4341 prius
1099 4273 1420 4339 instituerat,
1449 4286 1571 4325 con·

1226 387 1444 438 No'rAE
1495 385 1902 439 vammum
1950 391 2033 441 IN

1668 540 1842 584 stante
1881 534 2070 595 animo,
2098 527 2157 583 et‘
2190 533 2454 598 intrepido
2488 531 2735 586 adstitit?

1666 608 1748 659 Ac
1774 610 1949 673 paullo
1972 607 2212 660 inferiusz
2249 611 2264 639 ⁸
2288 611 2536 661 Metellus
2559 613 2637 660 his
2661 614 2726 662 de

1665 684 1831 735 causis
1867 685 1997 733 urbe
2030 684 2273 748 ejectus?
2338 685 2620 737 Profectus
2646 695 2728 737 est

1663 768 1838 810 autem
1867 767 2002 809 teste
2037 761 2199 810 Lucio
2223 761 2380 810 Floro
2403 761 2640 812 Rhodum
2674 764 2723 812 in

1666 845 2008 903 spontaneum
2045 840 2301 903 exsilium,
2334 847 2394 891 ut
2427 841 2557 890 alibi
2597 842 2722 891 dixi-

1664 930 1796 965 mus.
1832 915 1998 964 Maeli.

1729 990 1815 1053 §⁹
1846 988 2139 1052 Proetorem]
2171 987 2360 1054 Adjeci
2392 994 2628 1041 cousulens
2660 1006 2725 1041 ex

1662 1064 1804 1116 Ann.
1823 1066 1993 1127 Floro,
2018 1065 2263 1129 Appiano
2287 1065 2373 1117 lib.
2396 1082 2435 1116 1.
2457 1077 2512 1117 et
2537 1069 2728 1118 Oresio

1664 1156 1720 1191 v.
1750 1147 1830 1194 17.
1868 1157 2020 1208 quem
2057 1157 2162 1192 non
2201 1151 2345 1193 recte
2379 1144 2729 1207 Lycosthenes

1661 1219 1958 1269 intellexit:
1993 1233 2105 1283 qun
2130 1232 2230 1268 vox
2258 1232 2290 1267 a
2319 1220 2490 1269 sciolis
2522 1219 2728 1269 sublata

1660 1297 1831 1345 locum
1856 1296 2108 1360 corrupit,
2141 1302 2197 1345 et
2225 1296 2354 1345 licet
2384 1305 2601 1359 praetor,
2627 1311 2729 1347 non

1664 1379 1837 1421 tamen
1869 1373 2050 1422 consul
2086 1371 2253 1421 factus
2284 1378 2384 1420 est.
2452 1372 2640 1422 Cicero
2663 1372 2732 1422 de

1660 1449 1827 1498 Claris
1853 1448 2187 1499 Oratoribus.
2220 1447 2406 1497 Senon.
2477 1450 2730 1499 Consulem

1658 1537 1761 1573 non
1781 1523 1976 1573 habent
1999 1520 2129 1573 Mss.
2161 1537 2330 1588 neque
2361 1523 2466 1572 nlla
2490 1524 2577 1574 ed.
2602 1534 2726 1574 aute

1659 1599 1951 1663 Schottnm,
1970 1614 2137 1664 quare
2159 1614 2274 1649 cum
2308 1600 2471 1660 ipsius
2497 1599 2726 1652 Victoris

1657 1678 1821 1742 possit
1843 1691 1955 1727 esse
1978 1690 2144 1733 error,
2175 1677 2264 1741 qui
2299 1689 2441 1739 saepe
2472 1676 2529 1724 in
2564 1679 2737 1728 nomi·‘

1659 1755 1811 1804 nibus
1867 1754 1882 1781 ‘
1909 1750 2223 1817 praetorum'
2263 1758 2319 1801 et
2372 1758 2388 1781 ‘
2426 1752 2729 1802 consulum’
2763 1780 2767 1783 >

1656 1844 1757 1879 non
1788 1836 1872 1879 est
1894 1828 2331 1884 accuratissimus,
2354 1842 2546 1894 sequor
2566 1825 2724 1880 codd.

1658 1907 1901 1969 scriptos,
1957 1913 2014 1956 et
2075 1918 2385 1955 consensum
2443 1906 2727 1957 editorum-⁴

1654 1981 1891 2032 Amtzen.

1666 2059 1673 2066 '
1721 2057 2031 2122 Mummium]
2064 2057 2369 2123 Appianas:
2405 2065 2421 2087 ‘
2445 2057 2571 2116 Sed,
2605 2074 2723 2110 cum

1655 2132 1885 2183 Mumius
1922 2133 2126 2197 dignior
2155 2135 2433 2193 existeret,
2466 2137 2624 2185 veriti
2661 2138 2723 2185 il-

1654 2211 1761 2259 lum
1783 2209 2004 2260 Glaucia
2023 2217 2080 2260 et
2107 2209 2419 2274 Appuleius,
2442 2214 2723 2263 nonnullos

1655 2289 1720 2339 ad
1753 2302 1868 2338 eum
1899 2302 2016 2337 cum
2046 2288 2199 2351 lignis
2228 2288 2280 2337 in
2312 2286 2428 2352 ipsa
2459 2288 2719 2338 electione

1656 2366 2002 2431 proemittunt‚
2024 2364 2114 2429 qui
2143 2363 2398 2413 Mumium
2431 2368 2721 2428 spectanti-

1652 2444 1749 2497 bus
1771 2444 1970 2493 cunctis
1994 2441 2347 2492 interfecere.'
2406 2444 2544 2493 Flor.
2570 2446 2720 2495 ‘eni-¹

1655 2535 1740 2569 um
1763 2521 2018 2570 Mtimium
2039 2519 2376 2569 candidatum
2399 2522 2720 2578 consulatus,

1654 2612 1805 2662 quem
1859 2597 2080 2646 maxime
2133 2595 2427 2646 actionibus
2464 2596 2572 2645 suis
2631 2598 2720 2647 ad-

1654 2673 1935 2722 versarium
1961 2671 2200 2733 timebat,
2220 2671 2520 2724 interemit.'
2552 2674 2719 2724 Moab.

1655 2748 1941 2798 Memmium
1969 2747 2367 2812 competitorem
2394 2748 2511 2813 ejus
2539 2751 2718 2814 appel·

1652 2826 1724 2880 lo,
1747 2838 1848 2872 uon
1876 2823 2178 2884 Mummium,
2200 2831 2259 2872 ut
2286 2824 2439 2887 vulgo
2462 2826 2718 2889 scriptum

1653 2899 1794 2960 vidi3
1829 2896 2067 2948 defectus
2104 2899 2294 2964 alioqui
2334 2914 2363 2948 a
2405 2901 2550 2949 libris
2588 2903 2719 2953 Mss.

1652 2978 1739 3042 qui
1759 2977 1941 3039 legunt
1962 2976 2194 3023 Nomium
2209 2976 2559 3038 competitorem
2574 2992 2725 3025 snum.

1652 3052 1859 3102 Schott.
1925 3050 2165 3099 Mumium
2200 3058 2256 3099 et
2293 3051 2581 3101 Mummium
2613 3068 2720 3102 om·

1648 3142 1744 3177 nes
1769 3126 1890 3177 edd.
1911 3133 1968 3176 et
1992 3127 2125 3175 Mss.
2159 3128 2333 3175 Arnlz.

1719 3205 1898 3267 Campo
1916 3201 2127 3264 Martio]
2149 3200 2292 3266 Ager
2311 3202 2717 3265 Tarquiniorum

1649 3280 1937 3343 ejectorum
1954 3278 2267 3327 confiscatus
2280 3278 2429 3327 Livio
2449 3280 2717 3329 scribente

1648 3357 1813 3407 Marti
1836 3355 2040 3404 dicatus
2062 3352 2287 3404 exstitit.
2306 3355 2471 3403 Maeli.
2706 3365 2711 3372 ·

1713 3433 1741 3495 §
1782 3434 1846 3479 1⁰
1887 3430 2326 3494 Senatusconsulto]
2377 3428 2655 3494 Appianas
2702 3447 2716 3478 ε

1647 3515 1664 3538 ‘
1681 3508 1877 3557 Senatu
1903 3521 1993 3556 eos
2016 3508 2204 3556 iterum
2226 3507 2393 3556 occidi
2417 3508 2718 3562 mandante,

1649 3584 1887 3634 turbatus
1910 3582 2110 3631 Marius
2145 3583 2418 3631 nonnullos
2453 3585 2611 3631 armis
2642 3585 2720 3632 in-

1648 3658 1857 3714 struxit,
1881 3664 1937 3707 et
1962 3657 2202 3707 tardante
2227 3671 2309 3714 eo,
2342 3657 2427 3706 alii
2463 3672 2714 3721 aquarum

1645 3733 1868 3790 fistulas,
1887 3749 2004 3797 quae
2019 3733 2084 3782 ad
2102 3735 2349 3797 templum
2362 3732 2496 3783 confi
2504 3735 2717 3804 nebant,

1646 3810 1918 3862 incidunt.'
1941 3811 2108 3861 Maeli.
2175 3811 2323 3860 Coss.
2346 3820 2495 3860 erant
2511 3812 2573 3861 C.
2596 3812 2714 3864 Ma·

1645 3888 1753 3937 rius
1789 3900 1867 3936 vi.
1891 3893 1946 3935 et
1970 3886 2033 3935 L.
2055 3886 2300 3937 Valerius
2334 3887 2576 3949 Flaccus,
2601 3889 2714 3951 qni-

1645 3964 1738 4013 bus
1783 3970 1993 4013 senatus
2029 3978 2196 4027 remp.
2238 3963 2477 4014 dederat.
2526 3964 2712 4015 Cicero

1646 4041 1801 4091 Catil.
1825 4054 1865 4089 1.
1889 4045 1946 4089 et
1971 4038 2202 4106 Philipp.
2223 4053 2351 4089 vm.
2418 4040 2527 4089 Sed
2554 4040 2713 4088 histo*

1647 4118 1774 4167 riam
1794 4116 2077 4180 pleniorem
2095 4116 2214 4178 lege
2235 4129 2332 4180 pro
2346 4115 2562 4165 Rabirio
2581 4116 2711 4164 Per-

1645 4195 1803 4246 duell.
1830 4196 1959 4258 Reo,
1984 4194 2170 4244 Oresio
2192 4208 2247 4243 v.
2270 4198 2353 4244 17.
2401 4192 2615 4244 Fabric.
2635 4195 2708 4242 lo-

1645 4287 1738 4324 cus
1762 4280 1916 4324 autea
1939 4270 2248 4337 perturbato
2262 4269 2445 4322 ordine
2466 4270 2711 4335 scriptus.
