<?xml version="1.0" encoding="UTF-8"?>
<!DOCTYPE html PUBLIC "-//W3C//DTD XHTML 1.0 Transitional//EN"
    "http://www.w3.org/TR/xhtml1/DTD/xhtml1-transitional.dtd">
<html xmlns="http://www.w3.org/1999/xhtml" xml:lang="en" lang="en">
 <head>
  <title>
</title>
<meta http-equiv="Content-Type" content="text/html;charset=utf-8" />
  <meta name='ocr-system' content='tesseract 3.04.00' />
  <meta name='ocr-capabilities' content='ocr_page ocr_carea ocr_par ocr_line ocrx_word'/>
</head>
<body>
  <div class='ocr_page' id='page_1' title='image "./sextiaureliivic00valpgoog_0148.png"; bbox 0 0 3025 4934; ppageno 0'>
   <div class='ocr_carea' id='block_1_1' title="bbox 500 368 634 435">
    <p class='ocr_par' dir='ltr' id='par_1_1' title="bbox 500 368 634 435">
     <span class='ocr_line' id='line_1_1' title="bbox 500 368 634 435; baseline 0.007 -1"><span class='ocrx_word' id='word_1_1' title='bbox 500 368 634 435; x_wconf 72' lang='lat'>592</span> 
     </span>
    </p>
   </div>
   <div class='ocr_carea' id='block_1_2' title="bbox 499 505 1567 960">
    <p class='ocr_par' dir='ltr' id='par_1_2' title="bbox 499 505 1567 960">
     <span class='ocr_line' id='line_1_2' title="bbox 500 505 1566 590; baseline -0.003 -15"><span class='ocrx_word' id='word_1_2' title='bbox 500 527 642 575; x_wconf 82' lang='lat' dir='ltr'>vocis</span> <span class='ocrx_word' id='word_1_3' title='bbox 671 505 860 589; x_wconf 47' lang='lat' dir='ltr'>’postem</span> <span class='ocrx_word' id='word_1_4' title='bbox 899 536 1014 573; x_wconf 89' lang='lat' dir='ltr'>cum</span> <span class='ocrx_word' id='word_1_5' title='bbox 1056 523 1220 590; x_wconf 83' lang='lat' dir='ltr'>multa</span> <span class='ocrx_word' id='word_1_6' title='bbox 1264 522 1390 574; x_wconf 85' lang='lat' dir='ltr'>talia</span> <span class='ocrx_word' id='word_1_7' title='bbox 1424 521 1566 589; x_wconf 81' lang='lat' dir='ltr'>apud</span> 
     </span>
     <span class='ocr_line' id='line_1_3' title="bbox 501 600 1565 663; baseline -0.006 -10"><span class='ocrx_word' id='word_1_8' title='bbox 501 604 756 653; x_wconf 81' lang='lat' dir='ltr'>Nostrum</span> <span class='ocrx_word' id='word_1_9' title='bbox 790 608 910 651; x_wconf 88' lang='lat' dir='ltr'>sunt</span> <span class='ocrx_word' id='word_1_10' title='bbox 930 601 1098 651; x_wconf 85' lang='lat' dir='ltr'>obvia.</span> <span class='ocrx_word' id='word_1_11' title='bbox 1162 600 1252 650; x_wconf 85' lang='lat' dir='ltr'>Sic</span> <span class='ocrx_word' id='word_1_12' title='bbox 1268 601 1383 651; x_wconf 82' lang='lat' dir='ltr'>-hac</span> <span class='ocrx_word' id='word_1_13' title='bbox 1415 614 1565 663; x_wconf 63' lang='lat' dir='ltr'>parse-</span> 
     </span>
     <span class='ocr_line' id='line_1_4' title="bbox 499 675 1567 743; baseline -0.002 -16"><span class='ocrx_word' id='word_1_14' title='bbox 499 678 702 743; x_wconf 71' lang='lat' dir='ltr'>grapho</span> <span class='ocrx_word' id='word_1_15' title='bbox 745 678 824 727; x_wconf 90' lang='lat' dir='ltr'>bis</span> <span class='ocrx_word' id='word_1_16' title='bbox 867 678 1095 727; x_wconf 75' lang='lat' dir='ltr'>trecentis</span> <span class='ocrx_word' id='word_1_17' title='bbox 1134 676 1361 740; x_wconf 73' lang='lat' dir='ltr'><strong>scripsit.</strong></span> <span class='ocrx_word' id='word_1_18' title='bbox 1426 675 1567 725; x_wconf 85' lang='lat' dir='ltr'>Vide</span> 
     </span>
     <span class='ocr_line' id='line_1_5' title="bbox 501 754 1566 805; baseline -0.004 0"><span class='ocrx_word' id='word_1_19' title='bbox 501 755 568 805; x_wconf 78' lang='lat' dir='ltr'>nd</span> <span class='ocrx_word' id='word_1_20' title='bbox 591 770 640 805; x_wconf 88' lang='lat' dir='ltr'>c.</span> <span class='ocrx_word' id='word_1_21' title='bbox 668 759 751 805; x_wconf 70' lang='lat'>³4.</span> <span class='ocrx_word' id='word_1_22' title='bbox 802 754 978 804; x_wconf 84' lang='lat' dir='ltr'>Hasce</span> <span class='ocrx_word' id='word_1_23' title='bbox 1013 754 1080 805; x_wconf 90' lang='lat' dir='ltr'>ob</span> <span class='ocrx_word' id='word_1_24' title='bbox 1108 769 1319 805; x_wconf 87' lang='lat' dir='ltr'>caussas</span> <span class='ocrx_word' id='word_1_25' title='bbox 1345 766 1448 802; x_wconf 92' lang='lat' dir='ltr'>non</span> <span class='ocrx_word' id='word_1_26' title='bbox 1471 754 1566 802; x_wconf 89' lang='lat' dir='ltr'>du·</span> 
     </span>
     <span class='ocr_line' id='line_1_6' title="bbox 502 831 1565 895; baseline -0.003 -13"><span class='ocrx_word' id='word_1_27' title='bbox 502 832 779 882; x_wconf 86' lang='lat' dir='ltr'>bitavimns</span> <span class='ocrx_word' id='word_1_28' title='bbox 799 832 1089 895; x_wconf 79' lang='lat' dir='ltr'>exprimere</span> <span class='ocrx_word' id='word_1_29' title='bbox 1112 839 1173 881; x_wconf 90' lang='lat' dir='ltr'>ut</span> <span class='ocrx_word' id='word_1_30' title='bbox 1201 837 1286 881; x_wconf 90' lang='lat' dir='ltr'>est</span> <span class='ocrx_word' id='word_1_31' title='bbox 1317 831 1369 883; x_wconf 88' lang='lat' dir='ltr'>in</span> <span class='ocrx_word' id='word_1_32' title='bbox 1401 831 1565 879; x_wconf 86' lang='lat' dir='ltr'>omni·</span> 
     </span>
     <span class='ocr_line' id='line_1_7' title="bbox 501 908 1567 960; baseline -0.004 -1"><span class='ocrx_word' id='word_1_33' title='bbox 501 908 601 959; x_wconf 88' lang='lat' dir='ltr'>bus</span> <span class='ocrx_word' id='word_1_34' title='bbox 626 908 758 958; x_wconf 85' lang='lat' dir='ltr'>Mss.</span> <span class='ocrx_word' id='word_1_35' title='bbox 793 915 849 959; x_wconf 83' lang='lat' dir='ltr'>et</span> <span class='ocrx_word' id='word_1_36' title='bbox 882 909 1004 958; x_wconf 90' lang='lat' dir='ltr'>edd.</span> <span class='ocrx_word' id='word_1_37' title='bbox 1024 911 1246 960; x_wconf 73' lang='lat' dir='ltr'>inventus</span> <span class='ocrx_word' id='word_1_38' title='bbox 1274 914 1324 958; x_wconf 76' lang='lat' dir='ltr'>st</span> <span class='ocrx_word' id='word_1_39' title='bbox 1351 912 1567 957; x_wconf 63' lang='lat' dir='ltr'>unctus.</span> 
     </span>
    </p>
   </div>
   <div class='ocr_carea' id='block_1_3' title="bbox 500 984 1572 1888">
    <p class='ocr_par' dir='ltr' id='par_1_3' title="bbox 500 984 1567 1110">
     <span class='ocr_line' id='line_1_8' title="bbox 503 984 1567 1035; baseline -0.001 -1"><span class='ocrx_word' id='word_1_40' title='bbox 503 984 654 1034; x_wconf 86' lang='lat' dir='ltr'>Solus</span> <span class='ocrx_word' id='word_1_41' title='bbox 677 984 996 1035; x_wconf 85' lang='lat' dir='ltr'>Machaneus</span> <span class='ocrx_word' id='word_1_42' title='bbox 1023 986 1244 1035; x_wconf 73' lang='lat' dir='ltr'>inventus</span> <span class='ocrx_word' id='word_1_43' title='bbox 1262 990 1337 1034; x_wconf 83' lang='lat' dir='ltr'>est</span> <span class='ocrx_word' id='word_1_44' title='bbox 1357 989 1406 1033; x_wconf 80' lang='lat' dir='ltr'>st</span> <span class='ocrx_word' id='word_1_45' title='bbox 1427 997 1567 1033; x_wconf 68' lang='lat' dir='ltr'>unn-</span> 
     </span>
     <span class='ocr_line' id='line_1_9' title="bbox 500 1059 815 1110; baseline 0 -1"><span class='ocrx_word' id='word_1_46' title='bbox 500 1064 599 1109; x_wconf 67' lang='grc' dir='ltr'><strong>Μ.</strong></span> <span class='ocrx_word' id='word_1_47' title='bbox 630 1059 815 1110; x_wconf 77' lang='lat' dir='ltr'>Arntz.</span> 
     </span>
    </p>

    <p class='ocr_par' dir='ltr' id='par_1_4' title="bbox 501 1133 1572 1888">
     <span class='ocr_line' id='line_1_10' title="bbox 566 1133 1565 1200; baseline -0.003 -14"><span class='ocrx_word' id='word_1_48' title='bbox 566 1138 596 1200; x_wconf 83' lang='lat'>§</span> <span class='ocrx_word' id='word_1_49' title='bbox 611 1140 646 1186; x_wconf 81' lang='grc'>4</span> <span class='ocrx_word' id='word_1_50' title='bbox 670 1134 1024 1199; x_wconf 67' lang='lat' dir='ltr'>ffimnpbnoit]</span> <span class='ocrx_word' id='word_1_51' title='bbox 1043 1137 1131 1186; x_wconf 91' lang='lat' dir='ltr'>De</span> <span class='ocrx_word' id='word_1_52' title='bbox 1149 1133 1565 1200; x_wconf 65' lang='lat' dir='ltr'>triumphoquod</span> 
     </span>
     <span class='ocr_line' id='line_1_11' title="bbox 503 1211 1566 1276; baseline 0 -16"><span class='ocrx_word' id='word_1_53' title='bbox 503 1218 742 1261; x_wconf 81' lang='lat' dir='ltr'>extremo</span> <span class='ocrx_word' id='word_1_54' title='bbox 758 1212 858 1261; x_wconf 85' lang='lat' dir='ltr'>hoc</span> <span class='ocrx_word' id='word_1_55' title='bbox 875 1213 1047 1276; x_wconf 87' lang='lat' dir='ltr'>capite</span> <span class='ocrx_word' id='word_1_56' title='bbox 1064 1212 1279 1275; x_wconf 83' lang='lat' dir='ltr'>dicitur,</span> <span class='ocrx_word' id='word_1_57' title='bbox 1295 1212 1361 1261; x_wconf 88' lang='lat' dir='ltr'>ad</span> <span class='ocrx_word' id='word_1_58' title='bbox 1383 1211 1566 1262; x_wconf 85' lang='lat' dir='ltr'>Caium</span> 
     </span>
     <span class='ocr_line' id='line_1_12' title="bbox 501 1287 1569 1353; baseline 0.001 -16"><span class='ocrx_word' id='word_1_59' title='bbox 501 1287 719 1340; x_wconf 85' lang='lat' dir='ltr'>Atilium</span> <span class='ocrx_word' id='word_1_60' title='bbox 777 1289 1031 1350; x_wconf 64' lang='lat' dir='ltr'>Regulum</span> <span class='ocrx_word' id='word_1_61' title='bbox 1096 1295 1224 1353; x_wconf 90' lang='lat' dir='ltr'>puto</span> <span class='ocrx_word' id='word_1_62' title='bbox 1284 1290 1569 1352; x_wconf 86' lang='lat' dir='ltr'>pertinere.</span> 
     </span>
     <span class='ocr_line' id='line_1_13' title="bbox 505 1364 1568 1429; baseline -0.002 -15"><span class='ocrx_word' id='word_1_63' title='bbox 505 1364 759 1414; x_wconf 84' lang='lat' dir='ltr'>Navalem</span> <span class='ocrx_word' id='word_1_64' title='bbox 783 1365 918 1413; x_wconf 76' lang='lat' dir='ltr'>enim</span> <span class='ocrx_word' id='word_1_65' title='bbox 942 1365 1110 1429; x_wconf 71' lang='lat' dir='ltr'>egisse</span> <span class='ocrx_word' id='word_1_66' title='bbox 1138 1365 1188 1414; x_wconf 91' lang='lat' dir='ltr'>in</span> <span class='ocrx_word' id='word_1_67' title='bbox 1218 1365 1388 1415; x_wconf 81' lang='lat' dir='ltr'>Fastis</span> <span class='ocrx_word' id='word_1_68' title='bbox 1411 1365 1568 1429; x_wconf 79' lang='lat' dir='ltr'>Capi-</span> 
     </span>
     <span class='ocr_line' id='line_1_14' title="bbox 504 1438 1568 1503; baseline 0.003 -17"><span class='ocrx_word' id='word_1_69' title='bbox 504 1438 680 1488; x_wconf 88' lang='lat' dir='ltr'>tolinis</span> <span class='ocrx_word' id='word_1_70' title='bbox 719 1440 977 1503; x_wconf 80' lang='lat' dir='ltr'>scalptum</span> <span class='ocrx_word' id='word_1_71' title='bbox 1001 1440 1172 1498; x_wconf 81' lang='lat' dir='ltr'>video,</span> <span class='ocrx_word' id='word_1_72' title='bbox 1211 1440 1568 1503; x_wconf 73' lang='lat' dir='ltr'>probaturque</span> 
     </span>
     <span class='ocr_line' id='line_1_15' title="bbox 502 1516 1569 1579; baseline 0.004 -14"><span class='ocrx_word' id='word_1_73' title='bbox 502 1517 817 1567; x_wconf 84' lang='lat' dir='ltr'>anctoritate</span> <span class='ocrx_word' id='word_1_74' title='bbox 836 1517 900 1570; x_wconf 87' lang='lat' dir='ltr'>P.</span> <span class='ocrx_word' id='word_1_75' title='bbox 918 1516 1111 1574; x_wconf 86' lang='lat' dir='ltr'>0rosii,</span> <span class='ocrx_word' id='word_1_76' title='bbox 1134 1517 1375 1579; x_wconf 60' lang='lat' dir='ltr'>Zonaras,</span> <span class='ocrx_word' id='word_1_77' title='bbox 1393 1527 1446 1567; x_wconf 85' lang='lat' dir='ltr'>et</span> <span class='ocrx_word' id='word_1_78' title='bbox 1467 1519 1569 1569; x_wconf 84' lang='lat' dir='ltr'>Po-</span> 
     </span>
     <span class='ocr_line' id='line_1_16' title="bbox 503 1591 1568 1657; baseline 0.003 -17"><span class='ocrx_word' id='word_1_79' title='bbox 503 1591 652 1656; x_wconf 74' lang='lat' dir='ltr'>lybii.</span> <span class='ocrx_word' id='word_1_80' title='bbox 731 1592 875 1644; x_wconf 89' lang='lat' dir='ltr'>Hinc</span> <span class='ocrx_word' id='word_1_81' title='bbox 918 1593 1120 1642; x_wconf 86' lang='lat' dir='ltr'>Plinius</span> <span class='ocrx_word' id='word_1_82' title='bbox 1169 1601 1184 1622; x_wconf 76' lang='lat'>⁸</span> <span class='ocrx_word' id='word_1_83' title='bbox 1202 1593 1568 1657; x_wconf 75' lang='lat' dir='ltr'><strong>triumphalem</strong></span> 
     </span>
     <span class='ocr_line' id='line_1_17' title="bbox 506 1668 1571 1734; baseline 0.002 -17"><span class='ocrx_word' id='word_1_84' title='bbox 506 1668 799 1719; x_wconf 86' lang='lat' dir='ltr'>aratorem&#39;</span> <span class='ocrx_word' id='word_1_85' title='bbox 845 1669 1105 1734; x_wconf 85' lang='lat' dir='ltr'>appellat,</span> <span class='ocrx_word' id='word_1_86' title='bbox 1146 1670 1388 1719; x_wconf 81' lang='lat' dir='ltr'>Valerius</span> <span class='ocrx_word' id='word_1_87' title='bbox 1435 1671 1451 1699; x_wconf 88' lang='lat'>‘</span> <span class='ocrx_word' id='word_1_88' title='bbox 1479 1670 1571 1719; x_wconf 89' lang='lat' dir='ltr'>tri-</span> 
     </span>
     <span class='ocr_line' id='line_1_18' title="bbox 505 1744 1572 1809; baseline 0.002 -15"><span class='ocrx_word' id='word_1_89' title='bbox 505 1745 760 1809; x_wconf 87' lang='lat' dir='ltr'>umphalis</span> <span class='ocrx_word' id='word_1_90' title='bbox 795 1760 976 1795; x_wconf 85' lang='lat' dir='ltr'>currus</span> <span class='ocrx_word' id='word_1_91' title='bbox 1005 1744 1259 1795; x_wconf 80' lang='lat' dir='ltr'>habenas&#39;</span> <span class='ocrx_word' id='word_1_92' title='bbox 1292 1759 1412 1795; x_wconf 86' lang='lat' dir='ltr'>eum</span> <span class='ocrx_word' id='word_1_93' title='bbox 1434 1752 1572 1796; x_wconf 58' lang='lat' dir='ltr'>trac*</span> 
     </span>
     <span class='ocr_line' id='line_1_19' title="bbox 507 1822 1571 1888; baseline 0.002 -17"><span class='ocrx_word' id='word_1_94' title='bbox 507 1829 648 1872; x_wconf 87' lang='lat' dir='ltr'>tasse</span> <span class='ocrx_word' id='word_1_95' title='bbox 685 1822 865 1873; x_wconf 86' lang='lat' dir='ltr'>tradit.</span> <span class='ocrx_word' id='word_1_96' title='bbox 931 1822 1139 1872; x_wconf 90' lang='lat' dir='ltr'>Primus</span> <span class='ocrx_word' id='word_1_97' title='bbox 1182 1823 1235 1872; x_wconf 89' lang='lat' dir='ltr'>in</span> <span class='ocrx_word' id='word_1_98' title='bbox 1279 1838 1373 1873; x_wconf 87' lang='lat' dir='ltr'>sua</span> <span class='ocrx_word' id='word_1_99' title='bbox 1412 1830 1571 1888; x_wconf 77' lang='lat' dir='ltr'>gente</span> 
     </span>
    </p>
   </div>
   <div class='ocr_carea' id='block_1_4' title="bbox 504 1899 1583 1964">
    <p class='ocr_par' dir='ltr' id='par_1_5' title="bbox 504 1899 1583 1964">
     <span class='ocr_line' id='line_1_20' title="bbox 504 1899 1583 1964; baseline -0.001 -14"><span class='ocrx_word' id='word_1_100' title='bbox 504 1899 758 1950; x_wconf 82' lang='lat' dir='ltr'>Serranus</span> <span class='ocrx_word' id='word_1_101' title='bbox 802 1900 991 1962; x_wconf 87' lang='lat' dir='ltr'>dictus,</span> <span class='ocrx_word' id='word_1_102' title='bbox 1034 1899 1171 1964; x_wconf 83' lang='lat' dir='ltr'>qnod</span> <span class='ocrx_word' id='word_1_103' title='bbox 1215 1905 1472 1950; x_wconf 78' lang='lat' dir='ltr'>serentem</span> <span class='ocrx_word' id='word_1_104' title='bbox 1516 1900 1583 1960; x_wconf 63' lang='lat' dir='ltr'>in,</span> 
     </span>
    </p>
   </div>
   <div class='ocr_carea' id='block_1_5' title="bbox 492 1976 1578 2880">
    <p class='ocr_par' dir='ltr' id='par_1_6' title="bbox 492 1976 1578 2880">
     <span class='ocr_line' id='line_1_21' title="bbox 507 1976 1572 2041; baseline 0.002 -17"><span class='ocrx_word' id='word_1_105' title='bbox 507 1990 632 2039; x_wconf 78' lang='lat' dir='ltr'>agro</span> <span class='ocrx_word' id='word_1_106' title='bbox 667 1976 898 2037; x_wconf 85' lang='lat' dir='ltr'>lictores,</span> <span class='ocrx_word' id='word_1_107' title='bbox 920 1977 1007 2041; x_wconf 89' lang='lat' dir='ltr'>qni</span> <span class='ocrx_word' id='word_1_108' title='bbox 1030 1976 1097 2025; x_wconf 84' lang='lat' dir='ltr'>ad</span> <span class='ocrx_word' id='word_1_109' title='bbox 1130 1977 1461 2040; x_wconf 66' lang='lat' dir='ltr'>magistratus</span> <span class='ocrx_word' id='word_1_110' title='bbox 1484 1991 1572 2026; x_wconf 81' lang='lat' dir='ltr'>vo·</span> 
     </span>
     <span class='ocr_line' id='line_1_22' title="bbox 506 2051 1573 2116; baseline 0.001 -15"><span class='ocrx_word' id='word_1_111' title='bbox 506 2051 720 2116; x_wconf 86' lang='lat' dir='ltr'>cabant,</span> <span class='ocrx_word' id='word_1_112' title='bbox 742 2053 1079 2102; x_wconf 84' lang='lat' dir='ltr'>invenissent.</span> <span class='ocrx_word' id='word_1_113' title='bbox 1114 2052 1298 2102; x_wconf 87' lang='lat' dir='ltr'>Cicero</span> <span class='ocrx_word' id='word_1_114' title='bbox 1322 2067 1417 2115; x_wconf 86' lang='lat' dir='ltr'>pro</span> <span class='ocrx_word' id='word_1_115' title='bbox 1440 2053 1573 2112; x_wconf 81' lang='lat' dir='ltr'>Ros·</span> 
     </span>
     <span class='ocr_line' id='line_1_23' title="bbox 508 2127 1575 2179; baseline 0.002 -2"><span class='ocrx_word' id='word_1_116' title='bbox 508 2127 608 2177; x_wconf 92' lang='lat' dir='ltr'>cio.</span> <span class='ocrx_word' id='word_1_117' title='bbox 633 2130 750 2177; x_wconf 86' lang='lat' dir='ltr'>Val.</span> <span class='ocrx_word' id='word_1_118' title='bbox 784 2128 874 2177; x_wconf 90' lang='lat' dir='ltr'>lib.</span> <span class='ocrx_word' id='word_1_119' title='bbox 908 2142 1012 2178; x_wconf 84' lang='lat' dir='ltr'>1v.·</span> <span class='ocrx_word' id='word_1_120' title='bbox 1051 2128 1256 2178; x_wconf 87' lang='lat' dir='ltr'>Plinius</span> <span class='ocrx_word' id='word_1_121' title='bbox 1288 2128 1386 2178; x_wconf 88' lang='lat' dir='ltr'>lib.</span> <span class='ocrx_word' id='word_1_122' title='bbox 1406 2141 1575 2179; x_wconf 82' lang='lat' dir='ltr'>xvm.</span> 
     </span>
     <span class='ocr_line' id='line_1_24' title="bbox 506 2203 1574 2269; baseline 0.002 -16"><span class='ocrx_word' id='word_1_123' title='bbox 506 2203 799 2267; x_wconf 73' lang='lat' dir='ltr'>Appuleius</span> <span class='ocrx_word' id='word_1_124' title='bbox 854 2206 909 2254; x_wconf 90' lang='lat' dir='ltr'>in</span> <span class='ocrx_word' id='word_1_125' title='bbox 950 2203 1228 2269; x_wconf 74' lang='lat' dir='ltr'>Apologia.</span> <span class='ocrx_word' id='word_1_126' title='bbox 1302 2206 1574 2269; x_wconf 80' lang='lat' dir='ltr'>Triumphi</span> 
     </span>
     <span class='ocr_line' id='line_1_25' title="bbox 507 2279 1574 2344; baseline 0.004 -16"><span class='ocrx_word' id='word_1_127' title='bbox 507 2287 686 2329; x_wconf 86' lang='lat' dir='ltr'>tamen</span> <span class='ocrx_word' id='word_1_128' title='bbox 740 2279 898 2329; x_wconf 89' lang='lat' dir='ltr'>iidem</span> <span class='ocrx_word' id='word_1_129' title='bbox 942 2280 1249 2344; x_wconf 87' lang='lat' dir='ltr'>Capitolini,</span> <span class='ocrx_word' id='word_1_130' title='bbox 1290 2282 1450 2331; x_wconf 83' lang='lat' dir='ltr'>etiarn</span> <span class='ocrx_word' id='word_1_131' title='bbox 1505 2281 1574 2332; x_wconf 86' lang='lat' dir='ltr'>de</span> 
     </span>
     <span class='ocr_line' id='line_1_26' title="bbox 509 2355 1575 2420; baseline 0.003 -15"><span class='ocrx_word' id='word_1_132' title='bbox 509 2355 740 2405; x_wconf 73' lang='lat' dir='ltr'>Calatini</span> <span class='ocrx_word' id='word_1_133' title='bbox 775 2355 1034 2419; x_wconf 82' lang='lat' dir='ltr'>triumpho</span> <span class='ocrx_word' id='word_1_134' title='bbox 1073 2357 1304 2420; x_wconf 85' lang='lat' dir='ltr'>ejusdem</span> <span class='ocrx_word' id='word_1_135' title='bbox 1347 2358 1467 2412; x_wconf 87' lang='lat' dir='ltr'>anni</span> <span class='ocrx_word' id='word_1_136' title='bbox 1507 2358 1575 2408; x_wconf 85' lang='lat' dir='ltr'>de</span> 
     </span>
     <span class='ocr_line' id='line_1_27' title="bbox 507 2430 1574 2495; baseline 0.005 -15"><span class='ocrx_word' id='word_1_137' title='bbox 507 2430 689 2480; x_wconf 83' lang='lat' dir='ltr'>Poenis</span> <span class='ocrx_word' id='word_1_138' title='bbox 721 2434 1020 2495; x_wconf 81' lang='lat' dir='ltr'>loquamur.</span> <span class='ocrx_word' id='word_1_139' title='bbox 1065 2431 1250 2482; x_wconf 74' lang='lat' dir='ltr'>Schott.</span> <span class='ocrx_word' id='word_1_140' title='bbox 1316 2434 1450 2486; x_wconf 80' lang='lat' dir='ltr'>Qnae</span> <span class='ocrx_word' id='word_1_141' title='bbox 1487 2434 1574 2485; x_wconf 83' lang='lat' dir='ltr'>bio</span> 
     </span>
     <span class='ocr_line' id='line_1_28' title="bbox 508 2507 1575 2573; baseline 0.005 -17"><span class='ocrx_word' id='word_1_142' title='bbox 508 2507 576 2557; x_wconf 86' lang='lat' dir='ltr'>de</span> <span class='ocrx_word' id='word_1_143' title='bbox 617 2508 879 2572; x_wconf 85' lang='lat' dir='ltr'>triumpho</span> <span class='ocrx_word' id='word_1_144' title='bbox 923 2509 1104 2558; x_wconf 77' lang='lat' dir='ltr'>scribit</span> <span class='ocrx_word' id='word_1_145' title='bbox 1143 2509 1410 2573; x_wconf 81' lang='lat' dir='ltr'>Schottus,</span> <span class='ocrx_word' id='word_1_146' title='bbox 1448 2512 1575 2561; x_wconf 85' lang='lat' dir='ltr'>satis</span> 
     </span>
     <span class='ocr_line' id='line_1_29' title="bbox 509 2581 1578 2651; baseline 0.007 -20"><span class='ocrx_word' id='word_1_147' title='bbox 509 2581 823 2633; x_wconf 82' lang='lat' dir='ltr'>refelluntur</span> <span class='ocrx_word' id='word_1_148' title='bbox 845 2599 876 2635; x_wconf 88' lang='lat' dir='ltr'>e</span> <span class='ocrx_word' id='word_1_149' title='bbox 899 2599 1108 2635; x_wconf 87' lang='lat' dir='ltr'>nummo</span> <span class='ocrx_word' id='word_1_150' title='bbox 1137 2586 1276 2649; x_wconf 86' lang='lat' dir='ltr'>apud</span> <span class='ocrx_word' id='word_1_151' title='bbox 1297 2587 1578 2651; x_wconf 81' lang='lat' dir='ltr'>Spanltem.</span> 
     </span>
     <span class='ocr_line' id='line_1_30' title="bbox 511 2660 1574 2726; baseline 0.004 -16"><span class='ocrx_word' id='word_1_152' title='bbox 511 2660 580 2710; x_wconf 87' lang='lat' dir='ltr'>de</span> <span class='ocrx_word' id='word_1_153' title='bbox 617 2662 729 2711; x_wconf 89' lang='lat' dir='ltr'>Usu</span> <span class='ocrx_word' id='word_1_154' title='bbox 771 2662 929 2711; x_wconf 88' lang='lat' dir='ltr'>Num.</span> <span class='ocrx_word' id='word_1_155' title='bbox 964 2663 1107 2713; x_wconf 83' lang='lat' dir='ltr'>Diss.</span> <span class='ocrx_word' id='word_1_156' title='bbox 1147 2677 1205 2713; x_wconf 85' lang='lat' dir='ltr'>x.</span> <span class='ocrx_word' id='word_1_157' title='bbox 1243 2678 1295 2726; x_wconf 87' lang='lat' dir='ltr'>p.</span> <span class='ocrx_word' id='word_1_158' title='bbox 1326 2667 1455 2713; x_wconf 77' lang='lat'>216.=</span> <span class='ocrx_word' id='word_1_159' title='bbox 1507 2665 1574 2714; x_wconf 89' lang='lat' dir='ltr'>In</span> 
     </span>
     <span class='ocr_line' id='line_1_31' title="bbox 492 2737 1574 2805; baseline 0.005 -19"><span class='ocrx_word' id='word_1_160' title='bbox 492 2751 614 2802; x_wconf 87' lang='lat' dir='ltr'>.quo</span> <span class='ocrx_word' id='word_1_161' title='bbox 642 2737 845 2801; x_wconf 76' lang='lat' dir='ltr'>junctoe</span> <span class='ocrx_word' id='word_1_162' title='bbox 886 2740 1176 2803; x_wconf 85' lang='lat' dir='ltr'>elephantis</span> <span class='ocrx_word' id='word_1_163' title='bbox 1199 2741 1462 2805; x_wconf 58' lang='lat' dir='ltr'>quadrigas</span> <span class='ocrx_word' id='word_1_164' title='bbox 1486 2757 1574 2793; x_wconf 89' lang='lat' dir='ltr'>oc-</span> 
     </span>
     <span class='ocr_line' id='line_1_32' title="bbox 511 2815 1575 2880; baseline 0.003 -16"><span class='ocrx_word' id='word_1_165' title='bbox 511 2820 731 2864; x_wconf 88' lang='lat' dir='ltr'>currunt</span> <span class='ocrx_word' id='word_1_166' title='bbox 748 2829 865 2864; x_wconf 88' lang='lat' dir='ltr'>cum</span> <span class='ocrx_word' id='word_1_167' title='bbox 881 2815 979 2865; x_wconf 85' lang='lat' dir='ltr'>hae</span> <span class='ocrx_word' id='word_1_168' title='bbox 998 2817 1334 2880; x_wconf 75' lang='lat' dir='ltr'>inscriptione</span> <span class='ocrx_word' id='word_1_169' title='bbox 1356 2830 1575 2867; x_wconf 54' lang='lat' dir='ltr'>amru..</span> 
     </span>
    </p>
   </div>
   <div class='ocr_carea' id='block_1_6' title="bbox 431 2891 1576 2955">
    <p class='ocr_par' dir='ltr' id='par_1_7' title="bbox 431 2891 1576 2955">
     <span class='ocr_line' id='line_1_33' title="bbox 431 2891 1576 2955; baseline 0.002 -15"><span class='ocrx_word' id='word_1_170' title='bbox 431 2947 435 2951; x_wconf 50' lang='grc'><em>,</em></span> <span class='ocrx_word' id='word_1_171' title='bbox 510 2904 566 2940; x_wconf 70' lang='grc' dir='ltr'><strong>Α.</strong></span> <span class='ocrx_word' id='word_1_172' title='bbox 587 2903 639 2940; x_wconf 78' lang='lat' dir='ltr'>r.</span> <span class='ocrx_word' id='word_1_173' title='bbox 663 2902 713 2939; x_wconf 87' lang='lat' dir='ltr'>c.</span> <span class='ocrx_word' id='word_1_174' title='bbox 735 2904 792 2941; x_wconf 71' lang='lat' dir='ltr'>n.</span> <span class='ocrx_word' id='word_1_175' title='bbox 862 2891 997 2942; x_wconf 89' lang='lat' dir='ltr'>Inde</span> <span class='ocrx_word' id='word_1_176' title='bbox 1020 2900 1280 2955; x_wconf 64' lang='lat' dir='ltr'>praeterea</span> <span class='ocrx_word' id='word_1_177' title='bbox 1301 2892 1576 2944; x_wconf 65' lang='lat' dir='ltr'>confirma-</span> 
     </span>
    </p>
   </div>
   <div class='ocr_carea' id='block_1_7' title="bbox 510 2966 1586 4334">
    <p class='ocr_par' dir='ltr' id='par_1_8' title="bbox 510 2966 1577 3247">
     <span class='ocr_line' id='line_1_34' title="bbox 510 2966 1577 3021; baseline 0.007 -7"><span class='ocrx_word' id='word_1_178' title='bbox 510 2973 739 3016; x_wconf 48' lang='lat' dir='ltr'>turxnon</span> <span class='ocrx_word' id='word_1_179' title='bbox 773 2966 1008 3018; x_wconf 63' lang='lat' dir='ltr'>Atinium</span> <span class='ocrx_word' id='word_1_180' title='bbox 1043 2970 1135 3019; x_wconf 90' lang='lat' dir='ltr'>sed</span> <span class='ocrx_word' id='word_1_181' title='bbox 1174 2969 1382 3020; x_wconf 77' lang='lat' dir='ltr'>Atilium</span> <span class='ocrx_word' id='word_1_182' title='bbox 1417 2970 1577 3021; x_wconf 84' lang='lat' dir='ltr'>scribi</span> 
     </span>
     <span class='ocr_line' id='line_1_35' title="bbox 510 3043 1577 3109; baseline 0.004 -17"><span class='ocrx_word' id='word_1_183' title='bbox 510 3052 776 3106; x_wconf 87' lang='lat' dir='ltr'>oportere.</span> <span class='ocrx_word' id='word_1_184' title='bbox 846 3043 933 3093; x_wconf 89' lang='lat' dir='ltr'>De</span> <span class='ocrx_word' id='word_1_185' title='bbox 968 3045 1058 3094; x_wconf 90' lang='lat' dir='ltr'>illo</span> <span class='ocrx_word' id='word_1_186' title='bbox 1094 3044 1358 3109; x_wconf 81' lang='lat' dir='ltr'>triumpho</span> <span class='ocrx_word' id='word_1_187' title='bbox 1379 3054 1435 3095; x_wconf 93' lang='lat' dir='ltr'>et</span> <span class='ocrx_word' id='word_1_188' title='bbox 1458 3048 1577 3097; x_wconf 86' lang='lat' dir='ltr'>aliis</span> 
     </span>
     <span class='ocr_line' id='line_1_36' title="bbox 512 3119 1576 3188; baseline 0.007 -22"><span class='ocrx_word' id='word_1_189' title='bbox 512 3119 567 3166; x_wconf 90' lang='lat' dir='ltr'>in</span> <span class='ocrx_word' id='word_1_190' title='bbox 584 3119 684 3168; x_wconf 82' lang='lat' dir='ltr'>boc</span> <span class='ocrx_word' id='word_1_191' title='bbox 709 3120 883 3184; x_wconf 76' lang='lat' dir='ltr'>eapite</span> <span class='ocrx_word' id='word_1_192' title='bbox 906 3121 1037 3171; x_wconf 86' lang='lat' dir='ltr'>locis</span> <span class='ocrx_word' id='word_1_193' title='bbox 1055 3124 1164 3186; x_wconf 77' lang='lat' dir='ltr'>agit</span> <span class='ocrx_word' id='word_1_194' title='bbox 1181 3137 1392 3188; x_wconf 88' lang='lat' dir='ltr'>quoqne</span> <span class='ocrx_word' id='word_1_195' title='bbox 1414 3122 1576 3188; x_wconf 77' lang='lat' dir='ltr'>Pigh-</span> 
     </span>
     <span class='ocr_line' id='line_1_37' title="bbox 510 3195 1156 3248; baseline 0.006 -5"><span class='ocrx_word' id='word_1_196' title='bbox 510 3195 593 3243; x_wconf 86' lang='lat' dir='ltr'>ius</span> <span class='ocrx_word' id='word_1_197' title='bbox 617 3196 753 3247; x_wconf 85' lang='lat' dir='ltr'>Anu.</span> <span class='ocrx_word' id='word_1_198' title='bbox 776 3209 841 3246; x_wconf 79' lang='lat'>11.</span> <span class='ocrx_word' id='word_1_199' title='bbox 865 3200 948 3248; x_wconf 73' lang='lat'>88.</span> <span class='ocrx_word' id='word_1_200' title='bbox 981 3197 1156 3247; x_wconf 72' lang='lat' dir='ltr'>Antz.</span> 
     </span>
    </p>

    <p class='ocr_par' dir='ltr' id='par_1_9' title="bbox 518 3272 1579 3400">
     <span class='ocr_line' id='line_1_38' title="bbox 578 3272 1579 3338; baseline 0.001 -16"><span class='ocrx_word' id='word_1_201' title='bbox 578 3272 837 3322; x_wconf 74' lang='lat' dir='ltr'>CAP.x1.·</span> <span class='ocrx_word' id='word_1_202' title='bbox 916 3275 946 3336; x_wconf 59' lang='grc' dir='ltr'><strong>ξ</strong></span> <span class='ocrx_word' id='word_1_203' title='bbox 992 3277 1019 3321; x_wconf 80' lang='lat'>1</span> <span class='ocrx_word' id='word_1_204' title='bbox 1070 3273 1298 3337; x_wconf 73' lang='lat' dir='ltr'>Atilius]</span> <span class='ocrx_word' id='word_1_205' title='bbox 1341 3274 1579 3338; x_wconf 80' lang='lat' dir='ltr'>Simplici</span> 
     </span>
     <span class='ocr_line' id='line_1_39' title="bbox 518 3348 1316 3400; baseline 0.003 -3"><span class='ocrx_word' id='word_1_206' title='bbox 518 3353 611 3397; x_wconf 83' lang='lat' dir='ltr'>tau</span> <span class='ocrx_word' id='word_1_207' title='bbox 634 3348 795 3398; x_wconf 84' lang='lat' dir='ltr'>Fasti.</span> <span class='ocrx_word' id='word_1_208' title='bbox 827 3348 1015 3400; x_wconf 68' lang='lat' dir='ltr'>Schott.</span> <span class='ocrx_word' id='word_1_209' title='bbox 1037 3350 1161 3400; x_wconf 90' lang='lat' dir='ltr'>Not.</span> <span class='ocrx_word' id='word_1_210' title='bbox 1184 3351 1316 3399; x_wconf 86' lang='lat' dir='ltr'>Min.</span> 
     </span>
    </p>

    <p class='ocr_par' dir='ltr' id='par_1_10' title="bbox 510 3383 1584 3796">
     <span class='ocr_line' id='line_1_40' title="bbox 579 3383 1580 3492; baseline 0.005 -21"><span class='ocrx_word' id='word_1_211' title='bbox 579 3422 835 3487; x_wconf 78' lang='lat' dir='ltr'>Regulus}</span> <span class='ocrx_word' id='word_1_212' title='bbox 861 3424 940 3472; x_wconf 85' lang='lat' dir='ltr'>De</span> <span class='ocrx_word' id='word_1_213' title='bbox 970 3438 1091 3492; x_wconf 90' lang='lat' dir='ltr'>quo</span> <span class='ocrx_word' id='word_1_214' title='bbox 1110 3425 1292 3475; x_wconf 83' lang='lat' dir='ltr'>Florus</span> <span class='ocrx_word' id='word_1_215' title='bbox 1331 3383 1580 3489; x_wconf 84' lang='lat' dir='ltr'>Epitome</span> 
     </span>
     <span class='ocr_line' id='line_1_41' title="bbox 513 3499 1575 3565; baseline 0.003 -16"><span class='ocrx_word' id='word_1_216' title='bbox 513 3499 721 3549; x_wconf 85' lang='lat' dir='ltr'>decima</span> <span class='ocrx_word' id='word_1_217' title='bbox 743 3501 968 3564; x_wconf 86' lang='lat' dir='ltr'>septima</span> <span class='ocrx_word' id='word_1_218' title='bbox 990 3503 1145 3565; x_wconf 86' lang='lat' dir='ltr'>plura</span> <span class='ocrx_word' id='word_1_219' title='bbox 1174 3502 1386 3552; x_wconf 83' lang='lat' dir='ltr'>scribit.</span> <span class='ocrx_word' id='word_1_220' title='bbox 1422 3508 1575 3552; x_wconf 89' lang='lat' dir='ltr'>con-</span> 
     </span>
     <span class='ocr_line' id='line_1_42' title="bbox 511 3577 1584 3642; baseline 0.004 -18"><span class='ocrx_word' id='word_1_221' title='bbox 511 3584 757 3641; x_wconf 85' lang='lat' dir='ltr'>questum</span> <span class='ocrx_word' id='word_1_222' title='bbox 780 3589 896 3625; x_wconf 89' lang='lat' dir='ltr'>esse</span> <span class='ocrx_word' id='word_1_223' title='bbox 917 3577 971 3625; x_wconf 90' lang='lat' dir='ltr'>in</span> <span class='ocrx_word' id='word_1_224' title='bbox 990 3585 1178 3626; x_wconf 85' lang='lat' dir='ltr'>senatu</span> <span class='ocrx_word' id='word_1_225' title='bbox 1205 3578 1457 3641; x_wconf 79' lang='lat' dir='ltr'>Regulum</span> <span class='ocrx_word' id='word_1_226' title='bbox 1483 3591 1584 3642; x_wconf 81' lang='lat' dir='ltr'>per·</span> 
     </span>
     <span class='ocr_line' id='line_1_43' title="bbox 510 3651 1584 3718; baseline 0.002 -16"><span class='ocrx_word' id='word_1_227' title='bbox 510 3653 710 3713; x_wconf 84' lang='lat' dir='ltr'>literas,</span> <span class='ocrx_word' id='word_1_228' title='bbox 733 3651 872 3715; x_wconf 87' lang='lat' dir='ltr'>quod</span> <span class='ocrx_word' id='word_1_229' title='bbox 897 3654 1094 3716; x_wconf 79' lang='lat' dir='ltr'>agellus</span> <span class='ocrx_word' id='word_1_230' title='bbox 1127 3653 1236 3718; x_wconf 88' lang='lat' dir='ltr'>ejus</span> <span class='ocrx_word' id='word_1_231' title='bbox 1259 3668 1290 3703; x_wconf 85' lang='lat' dir='ltr'>a</span> <span class='ocrx_word' id='word_1_232' title='bbox 1308 3668 1584 3706; x_wconf 84' lang='lat' dir='ltr'>mercena-</span> 
     </span>
     <span class='ocr_line' id='line_1_44' title="bbox 511 3728 1299 3796; baseline 0 -18"><span class='ocrx_word' id='word_1_233' title='bbox 511 3729 607 3778; x_wconf 86' lang='lat' dir='ltr'>riis</span> <span class='ocrx_word' id='word_1_234' title='bbox 636 3728 1040 3779; x_wconf 59' lang='lat' dir='ltr'>devastaretur?</span> <span class='ocrx_word' id='word_1_235' title='bbox 1074 3729 1239 3796; x_wconf 66' lang='lat' dir='ltr'>Maeli.</span> <span class='ocrx_word' id='word_1_236' title='bbox 1296 3737 1299 3738; x_wconf 72' lang='grc'>’</span> 
     </span>
    </p>

    <p class='ocr_par' dir='ltr' id='par_1_11' title="bbox 512 3805 1586 4334">
     <span class='ocr_line' id='line_1_45' title="bbox 582 3805 1580 3873; baseline 0.003 -18"><span class='ocrx_word' id='word_1_237' title='bbox 582 3805 890 3871; x_wconf 74' lang='lat' dir='ltr'>Sallentinis]</span> <span class='ocrx_word' id='word_1_238' title='bbox 945 3807 1137 3871; x_wconf 88' lang='lat' dir='ltr'>Populi</span> <span class='ocrx_word' id='word_1_239' title='bbox 1185 3814 1306 3858; x_wconf 88' lang='lat' dir='ltr'>sunt</span> <span class='ocrx_word' id='word_1_240' title='bbox 1340 3807 1580 3873; x_wconf 76' lang='lat' dir='ltr'>Apuliae.</span> 
     </span>
     <span class='ocr_line' id='line_1_46' title="bbox 515 3881 1581 3943; baseline 0.008 -16"><span class='ocrx_word' id='word_1_241' title='bbox 515 3881 705 3943; x_wconf 71' lang='lat' dir='ltr'>Vir-gil.</span> <span class='ocrx_word' id='word_1_242' title='bbox 744 3881 851 3932; x_wconf 86' lang='lat' dir='ltr'>‘Et</span> <span class='ocrx_word' id='word_1_243' title='bbox 887 3882 1201 3935; x_wconf 74' lang='lat' dir='ltr'>Sallentinos</span> <span class='ocrx_word' id='word_1_244' title='bbox 1239 3886 1447 3943; x_wconf 83' lang='lat' dir='ltr'>obsedit</span> <span class='ocrx_word' id='word_1_245' title='bbox 1485 3885 1581 3935; x_wconf 88' lang='lat' dir='ltr'>mi-</span> 
     </span>
     <span class='ocr_line' id='line_1_47' title="bbox 512 3957 1584 4024; baseline 0.007 -18"><span class='ocrx_word' id='word_1_246' title='bbox 512 3957 609 4007; x_wconf 88' lang='lat' dir='ltr'>lite</span> <span class='ocrx_word' id='word_1_247' title='bbox 628 3972 840 4022; x_wconf 87' lang='lat' dir='ltr'>campos</span> <span class='ocrx_word' id='word_1_248' title='bbox 860 3960 1072 4024; x_wconf 81' lang='lat' dir='ltr'>Lyctius</span> <span class='ocrx_word' id='word_1_249' title='bbox 1089 3961 1443 4012; x_wconf 63' lang='lat' dir='ltr'>Idomeneus!</span> <span class='ocrx_word' id='word_1_250' title='bbox 1474 3962 1584 4013; x_wconf 88' lang='lat' dir='ltr'>Ad·</span> 
     </span>
     <span class='ocr_line' id='line_1_48' title="bbox 516 4034 1582 4104; baseline 0.004 -19"><span class='ocrx_word' id='word_1_251' title='bbox 516 4034 599 4086; x_wconf 85' lang='lat' dir='ltr'>dit</span> <span class='ocrx_word' id='word_1_252' title='bbox 633 4036 899 4100; x_wconf 72' lang='lat' dir='ltr'>Polybius,</span> <span class='ocrx_word' id='word_1_253' title='bbox 937 4053 1035 4103; x_wconf 86' lang='lat' dir='ltr'>per</span> <span class='ocrx_word' id='word_1_254' title='bbox 1068 4038 1167 4090; x_wconf 86' lang='lat' dir='ltr'>hoc</span> <span class='ocrx_word' id='word_1_255' title='bbox 1199 4049 1404 4103; x_wconf 87' lang='lat' dir='ltr'>tempus</span> <span class='ocrx_word' id='word_1_256' title='bbox 1441 4039 1582 4104; x_wconf 84' lang='lat' dir='ltr'>apud</span> 
     </span>
     <span class='ocr_line' id='line_1_49' title="bbox 516 4112 1582 4176; baseline 0.003 -15"><span class='ocrx_word' id='word_1_257' title='bbox 516 4112 812 4176; x_wconf 71' lang='lat' dir='ltr'>Bagradam</span> <span class='ocrx_word' id='word_1_258' title='bbox 875 4113 1090 4165; x_wconf 84' lang='lat' dir='ltr'>fluvium</span> <span class='ocrx_word' id='word_1_259' title='bbox 1149 4121 1327 4165; x_wconf 79' lang='lat' dir='ltr'>castra</span> <span class='ocrx_word' id='word_1_260' title='bbox 1387 4115 1582 4165; x_wconf 77' lang='lat' dir='ltr'>liabens</span> 
     </span>
     <span class='ocr_line' id='line_1_50' title="bbox 517 4188 1586 4254; baseline 0.005 -17"><span class='ocrx_word' id='word_1_261' title='bbox 517 4188 733 4237; x_wconf 83' lang='lat' dir='ltr'>Marcus</span> <span class='ocrx_word' id='word_1_262' title='bbox 756 4190 947 4239; x_wconf 85' lang='lat' dir='ltr'>Atilius</span> <span class='ocrx_word' id='word_1_263' title='bbox 980 4199 1278 4254; x_wconf 85' lang='lat' dir='ltr'>serpentem</span> <span class='ocrx_word' id='word_1_264' title='bbox 1309 4192 1586 4242; x_wconf 71' lang='lat' dir='ltr'>horrendus</span> 
     </span>
     <span class='ocr_line' id='line_1_51' title="bbox 518 4266 1583 4334; baseline 0.004 -20"><span class='ocrx_word' id='word_1_265' title='bbox 518 4266 888 4330; x_wconf 77' lang='lat' dir='ltr'>magnitudinis</span> <span class='ocrx_word' id='word_1_266' title='bbox 925 4269 1064 4333; x_wconf 82' lang='lat' dir='ltr'>apud</span> <span class='ocrx_word' id='word_1_267' title='bbox 1098 4270 1236 4334; x_wconf 85' lang='lat' dir='ltr'>ripas</span> <span class='ocrx_word' id='word_1_268' title='bbox 1269 4268 1385 4333; x_wconf 80' lang='lat' dir='ltr'>ejus</span> <span class='ocrx_word' id='word_1_269' title='bbox 1414 4266 1583 4320; x_wconf 82' lang='lat' dir='ltr'>flumi-</span> 
     </span>
    </p>
   </div>
   <div class='ocr_carea' id='block_1_8' title="bbox 1192 380 2006 432">
    <p class='ocr_par' dir='ltr' id='par_1_12' title="bbox 1192 380 2006 432">
     <span class='ocr_line' id='line_1_52' title="bbox 1192 380 2006 432; baseline 0.001 -1"><span class='ocrx_word' id='word_1_270' title='bbox 1192 381 1410 431; x_wconf 59' lang='lat' dir='ltr'><strong>1⁴01!AE</strong></span> <span class='ocrx_word' id='word_1_271' title='bbox 1458 382 1554 431; x_wconf 78' lang='lat' dir='ltr'>VA</span> <span class='ocrx_word' id='word_1_272' title='bbox 1568 380 1872 432; x_wconf 72' lang='lat' dir='ltr'>monum</span> <span class='ocrx_word' id='word_1_273' title='bbox 1901 381 2006 432; x_wconf 78' lang='lat' dir='ltr'>·1N</span> 
     </span>
    </p>
   </div>
   <div class='ocr_carea' id='block_1_9' title="bbox 1639 517 2797 4335">
    <p class='ocr_par' dir='ltr' id='par_1_13' title="bbox 1639 517 2716 1503">
     <span class='ocr_line' id='line_1_53' title="bbox 1639 517 2714 589; baseline 0.004 -17"><span class='ocrx_word' id='word_1_274' title='bbox 1639 521 1721 572; x_wconf 87' lang='lat' dir='ltr'>nis</span> <span class='ocrx_word' id='word_1_275' title='bbox 1742 522 2086 573; x_wconf 72' lang='lat' dir='ltr'>stabulantem</span> <span class='ocrx_word' id='word_1_276' title='bbox 2106 517 2328 587; x_wconf 82' lang='lat' dir='ltr'>balistis,</span> <span class='ocrx_word' id='word_1_277' title='bbox 2343 526 2400 573; x_wconf 86' lang='lat' dir='ltr'>et</span> <span class='ocrx_word' id='word_1_278' title='bbox 2420 523 2714 589; x_wconf 74' lang='lat' dir='ltr'>catapultis</span> 
     </span>
     <span class='ocr_line' id='line_1_54' title="bbox 1640 598 2712 665; baseline 0.004 -18"><span class='ocrx_word' id='word_1_279' title='bbox 1640 607 1994 662; x_wconf 68' lang='lat' dir='ltr'>oppugnatum</span> <span class='ocrx_word' id='word_1_280' title='bbox 2038 598 2269 660; x_wconf 77' lang='lat' dir='ltr'>occidit3</span> <span class='ocrx_word' id='word_1_281' title='bbox 2322 600 2473 663; x_wconf 79' lang='lat' dir='ltr'>cujus</span> <span class='ocrx_word' id='word_1_282' title='bbox 2518 608 2712 665; x_wconf 68' lang='lat' dir='ltr'>postea</span> 
     </span>
     <span class='ocr_line' id='line_1_55' title="bbox 1640 674 2713 740; baseline 0.003 -16"><span class='ocrx_word' id='word_1_283' title='bbox 1640 675 1835 724; x_wconf 86' lang='lat' dir='ltr'>corium</span> <span class='ocrx_word' id='word_1_284' title='bbox 1867 675 2082 724; x_wconf 81' lang='lat' dir='ltr'>Romam</span> <span class='ocrx_word' id='word_1_285' title='bbox 2118 674 2349 725; x_wconf 84' lang='lat' dir='ltr'>delatum</span> <span class='ocrx_word' id='word_1_286' title='bbox 2391 676 2576 740; x_wconf 73' lang='lat' dir='ltr'>viginti</span> <span class='ocrx_word' id='word_1_287' title='bbox 2615 692 2713 740; x_wconf 88' lang='lat' dir='ltr'>pe·</span> 
     </span>
     <span class='ocr_line' id='line_1_56' title="bbox 1641 750 2713 817; baseline 0.005 -18"><span class='ocrx_word' id='word_1_288' title='bbox 1641 750 1765 800; x_wconf 86' lang='lat' dir='ltr'>dum</span> <span class='ocrx_word' id='word_1_289' title='bbox 1808 750 2179 815; x_wconf 79' lang='lat' dir='ltr'>longitudinem</span> <span class='ocrx_word' id='word_1_290' title='bbox 2212 751 2458 801; x_wconf 84' lang='lat' dir='ltr'>habuisse</span> <span class='ocrx_word' id='word_1_291' title='bbox 2498 754 2713 817; x_wconf 83' lang='lat' dir='ltr'>quidam</span> 
     </span>
     <span class='ocr_line' id='line_1_57' title="bbox 1639 820 2715 893; baseline 0.003 -16"><span class='ocrx_word' id='word_1_292' title='bbox 1639 827 1902 878; x_wconf 81' lang='lat' dir='ltr'>memoriae</span> <span class='ocrx_word' id='word_1_293' title='bbox 1926 820 2286 891; x_wconf 83' lang='lat' dir='ltr'>prodiderunt.</span> <span class='ocrx_word' id='word_1_294' title='bbox 2318 828 2486 878; x_wconf 72' lang='lat' dir='ltr'>Maeli.</span> <span class='ocrx_word' id='word_1_295' title='bbox 2536 829 2715 893; x_wconf 81' lang='lat' dir='ltr'>Liqui-</span> 
     </span>
     <span class='ocr_line' id='line_1_58' title="bbox 1641 902 2714 970; baseline 0.003 -18"><span class='ocrx_word' id='word_1_296' title='bbox 1641 904 1709 953; x_wconf 87' lang='lat' dir='ltr'>da</span> <span class='ocrx_word' id='word_1_297' title='bbox 1742 905 1969 967; x_wconf 84' lang='lat' dir='ltr'>repetita</span> <span class='ocrx_word' id='word_1_298' title='bbox 2002 902 2233 954; x_wconf 90' lang='lat' dir='ltr'>scribunt</span> <span class='ocrx_word' id='word_1_299' title='bbox 2256 905 2403 955; x_wconf 81' lang='lat' dir='ltr'>Fasti</span> <span class='ocrx_word' id='word_1_300' title='bbox 2425 906 2714 970; x_wconf 82' lang='lat' dir='ltr'>Capitolini</span> 
     </span>
     <span class='ocr_line' id='line_1_59' title="bbox 1641 980 2714 1046; baseline 0.002 -15"><span class='ocrx_word' id='word_1_301' title='bbox 1641 988 1699 1031; x_wconf 90' lang='lat' dir='ltr'>et</span> <span class='ocrx_word' id='word_1_302' title='bbox 1727 980 1858 1031; x_wconf 71' lang='grc' dir='ltr'><strong>Μαι.</strong></span> <span class='ocrx_word' id='word_1_303' title='bbox 1887 995 2082 1031; x_wconf 82' lang='lat' dir='ltr'>omnes.</span> <span class='ocrx_word' id='word_1_304' title='bbox 2115 981 2362 1031; x_wconf 65' lang='lat' dir='ltr'>Senonas.</span> <span class='ocrx_word' id='word_1_305' title='bbox 2430 982 2668 1046; x_wconf 82' lang='lat' dir='ltr'>Simplici</span> <span class='ocrx_word' id='word_1_306' title='bbox 2692 984 2714 1033; x_wconf 88' lang='lat' dir='ltr'>l</span> 
     </span>
     <span class='ocr_line' id='line_1_60' title="bbox 1640 1056 2712 1122; baseline 0 -15"><span class='ocrx_word' id='word_1_307' title='bbox 1640 1064 1815 1107; x_wconf 84' lang='lat' dir='ltr'>tamen</span> <span class='ocrx_word' id='word_1_308' title='bbox 1851 1058 2085 1122; x_wconf 83' lang='lat' dir='ltr'>plerique</span> <span class='ocrx_word' id='word_1_309' title='bbox 2124 1071 2190 1107; x_wconf 84' lang='lat' dir='ltr'>ex</span> <span class='ocrx_word' id='word_1_310' title='bbox 2222 1056 2430 1115; x_wconf 83' lang='lat' dir='ltr'>nostris,</span> <span class='ocrx_word' id='word_1_311' title='bbox 2465 1058 2558 1107; x_wconf 86' lang='lat' dir='ltr'>sed</span> <span class='ocrx_word' id='word_1_312' title='bbox 2599 1072 2712 1107; x_wconf 89' lang='lat' dir='ltr'>me·</span> 
     </span>
     <span class='ocr_line' id='line_1_61' title="bbox 1641 1132 2713 1198; baseline 0.001 -17"><span class='ocrx_word' id='word_1_313' title='bbox 1641 1132 1740 1182; x_wconf 92' lang='lat' dir='ltr'>lins</span> <span class='ocrx_word' id='word_1_314' title='bbox 1775 1133 2084 1196; x_wconf 72' lang='lat' dir='ltr'>geminatur,</span> <span class='ocrx_word' id='word_1_315' title='bbox 2119 1148 2223 1198; x_wconf 87' lang='lat' dir='ltr'>qua</span> <span class='ocrx_word' id='word_1_316' title='bbox 2257 1133 2311 1181; x_wconf 91' lang='lat' dir='ltr'>in</span> <span class='ocrx_word' id='word_1_317' title='bbox 2344 1146 2405 1182; x_wconf 84' lang='lat' dir='ltr'>re</span> <span class='ocrx_word' id='word_1_318' title='bbox 2438 1146 2555 1182; x_wconf 89' lang='lat' dir='ltr'>cum</span> <span class='ocrx_word' id='word_1_319' title='bbox 2594 1134 2713 1182; x_wconf 87' lang='lat' dir='ltr'>aliis</span> 
     </span>
     <span class='ocr_line' id='line_1_62' title="bbox 1642 1208 2712 1272; baseline 0.001 -15"><span class='ocrx_word' id='word_1_320' title='bbox 1642 1222 1831 1272; x_wconf 90' lang='lat' dir='ltr'>sequor</span> <span class='ocrx_word' id='word_1_321' title='bbox 1848 1208 2115 1260; x_wconf 78' lang='lat' dir='ltr'>Drakenb.</span> <span class='ocrx_word' id='word_1_322' title='bbox 2129 1209 2299 1258; x_wconf 85' lang='lat' dir='ltr'>adSil.</span> <span class='ocrx_word' id='word_1_323' title='bbox 2313 1221 2444 1258; x_wconf 78' lang='lat' dir='ltr'>vm.</span> <span class='ocrx_word' id='word_1_324' title='bbox 2458 1213 2575 1258; x_wconf 79' lang='grc'><strong>675.</strong></span> <span class='ocrx_word' id='word_1_325' title='bbox 2590 1224 2712 1260; x_wconf 85' lang='lat' dir='ltr'>cum</span> 
     </span>
     <span class='ocr_line' id='line_1_63' title="bbox 1640 1285 2716 1350; baseline 0.004 -16"><span class='ocrx_word' id='word_1_326' title='bbox 1640 1285 1715 1334; x_wconf 89' lang='lat' dir='ltr'>ita</span> <span class='ocrx_word' id='word_1_327' title='bbox 1736 1286 1789 1334; x_wconf 91' lang='lat' dir='ltr'>in</span> <span class='ocrx_word' id='word_1_328' title='bbox 1813 1286 2041 1350; x_wconf 87' lang='lat' dir='ltr'>antiquis</span> <span class='ocrx_word' id='word_1_329' title='bbox 2070 1285 2415 1337; x_wconf 86' lang='lat' dir='ltr'>monumentis</span> <span class='ocrx_word' id='word_1_330' title='bbox 2450 1293 2716 1338; x_wconf 81' lang='lat' dir='ltr'>occurrat.</span> 
     </span>
     <span class='ocr_line' id='line_1_64' title="bbox 1641 1360 2712 1425; baseline 0.001 -14"><span class='ocrx_word' id='word_1_331' title='bbox 1641 1360 1816 1425; x_wconf 86' lang='lat' dir='ltr'>Hujus</span> <span class='ocrx_word' id='word_1_332' title='bbox 1871 1361 2117 1425; x_wconf 80' lang='lat' dir='ltr'>triumphi</span> <span class='ocrx_word' id='word_1_333' title='bbox 2172 1369 2229 1412; x_wconf 79' lang='lat' dir='ltr'>et</span> <span class='ocrx_word' id='word_1_334' title='bbox 2280 1361 2370 1411; x_wconf 88' lang='lat' dir='ltr'>alii</span> <span class='ocrx_word' id='word_1_335' title='bbox 2426 1362 2712 1420; x_wconf 79' lang='lat' dir='ltr'>meminere</span> 
     </span>
     <span class='ocr_line' id='line_1_65' title="bbox 1642 1436 2538 1503; baseline -0.003 -16"><span class='ocrx_word' id='word_1_336' title='bbox 1642 1438 1782 1503; x_wconf 82' lang='lat' dir='ltr'>apud</span> <span class='ocrx_word' id='word_1_337' title='bbox 1807 1438 1957 1501; x_wconf 79' lang='lat' dir='ltr'>Pigh.</span> <span class='ocrx_word' id='word_1_338' title='bbox 1985 1436 2124 1488; x_wconf 87' lang='lat' dir='ltr'>Anu.</span> <span class='ocrx_word' id='word_1_339' title='bbox 2147 1451 2189 1488; x_wconf 90' lang='lat'>1.</span> <span class='ocrx_word' id='word_1_340' title='bbox 2210 1441 2325 1488; x_wconf 82' lang='grc'><strong>457.</strong></span> <span class='ocrx_word' id='word_1_341' title='bbox 2360 1438 2538 1487; x_wconf 72' lang='lat' dir='ltr'>Amtz.</span> 
     </span>
    </p>

    <p class='ocr_par' dir='ltr' id='par_1_14' title="bbox 1643 1515 2716 1732">
     <span class='ocr_line' id='line_1_66' title="bbox 1708 1515 2713 1578; baseline 0.003 -15"><span class='ocrx_word' id='word_1_342' title='bbox 1708 1516 1909 1564; x_wconf 71' lang='lat' dir='ltr'>Primus</span> <span class='ocrx_word' id='word_1_343' title='bbox 1940 1515 2287 1578; x_wconf 72' lang='lat' dir='ltr'>Romanorum]</span> <span class='ocrx_word' id='word_1_344' title='bbox 2322 1515 2385 1564; x_wconf 90' lang='lat' dir='ltr'>C.</span> <span class='ocrx_word' id='word_1_345' title='bbox 2404 1515 2616 1567; x_wconf 77' lang='lat' dir='ltr'>Tacitus</span> <span class='ocrx_word' id='word_1_346' title='bbox 2648 1515 2713 1566; x_wconf 93' lang='lat' dir='ltr'>C.</span> 
     </span>
     <span class='ocr_line' id='line_1_67' title="bbox 1643 1590 2716 1658; baseline 0.003 -19"><span class='ocrx_word' id='word_1_347' title='bbox 1643 1591 1873 1641; x_wconf 79' lang='lat' dir='ltr'>Duilium</span> <span class='ocrx_word' id='word_1_348' title='bbox 1908 1592 2129 1655; x_wconf 88' lang='lat' dir='ltr'>primum</span> <span class='ocrx_word' id='word_1_349' title='bbox 2166 1590 2320 1656; x_wconf 82' lang='lat' dir='ltr'>facit,</span> <span class='ocrx_word' id='word_1_350' title='bbox 2355 1591 2443 1658; x_wconf 87' lang='lat' dir='ltr'>qui</span> <span class='ocrx_word' id='word_1_351' title='bbox 2483 1592 2538 1641; x_wconf 91' lang='lat' dir='ltr'>in</span> <span class='ocrx_word' id='word_1_352' title='bbox 2570 1590 2716 1642; x_wconf 78' lang='lat' dir='ltr'>Afri-</span> 
     </span>
     <span class='ocr_line' id='line_1_68' title="bbox 1643 1667 2285 1732; baseline 0 -15"><span class='ocrx_word' id='word_1_353' title='bbox 1643 1680 1760 1717; x_wconf 84' lang='lat' dir='ltr'>cam</span> <span class='ocrx_word' id='word_1_354' title='bbox 1785 1668 2067 1732; x_wconf 78' lang='lat' dir='ltr'>trajecerit.</span> <span class='ocrx_word' id='word_1_355' title='bbox 2097 1667 2285 1717; x_wconf 56' lang='lat' dir='ltr'>Senot&amp;</span> 
     </span>
    </p>

    <p class='ocr_par' dir='ltr' id='par_1_15' title="bbox 1644 1741 2766 3568">
     <span class='ocr_line' id='line_1_69' title="bbox 1713 1741 2716 1808; baseline -0.002 -16"><span class='ocrx_word' id='word_1_356' title='bbox 1713 1743 1925 1794; x_wconf 64' lang='lat' dir='ltr'>Classem</span> <span class='ocrx_word' id='word_1_357' title='bbox 1944 1744 2160 1808; x_wconf 65' lang='grc' dir='ltr'>ἐπῄει-ὕ]</span> <span class='ocrx_word' id='word_1_358' title='bbox 2200 1744 2366 1794; x_wconf 81' lang='lat' dir='ltr'>Classe</span> <span class='ocrx_word' id='word_1_359' title='bbox 2387 1741 2562 1793; x_wconf 76' lang='lat' dir='ltr'>traicit.</span> <span class='ocrx_word' id='word_1_360' title='bbox 2583 1741 2716 1791; x_wconf 76' lang='lat' dir='ltr'>Mas.</span> 
     </span>
     <span class='ocr_line' id='line_1_70' title="bbox 1644 1821 2717 1885; baseline -0.002 -15"><span class='ocrx_word' id='word_1_361' title='bbox 1644 1823 1898 1885; x_wconf 84' lang='lat' dir='ltr'>quomodo</span> <span class='ocrx_word' id='word_1_362' title='bbox 1913 1836 2049 1871; x_wconf 90' lang='lat' dir='ltr'>nono</span> <span class='ocrx_word' id='word_1_363' title='bbox 2066 1821 2131 1870; x_wconf 84' lang='lat' dir='ltr'>ab</span> <span class='ocrx_word' id='word_1_364' title='bbox 2144 1821 2265 1871; x_wconf 83' lang='lat' dir='ltr'>binc</span> <span class='ocrx_word' id='word_1_365' title='bbox 2278 1821 2454 1885; x_wconf 83' lang='lat' dir='ltr'>capite</span> <span class='ocrx_word' id='word_1_366' title='bbox 2469 1822 2717 1885; x_wconf 88' lang='lat' dir='ltr'>loquutus</span> 
     </span>
     <span class='ocr_line' id='line_1_71' title="bbox 1646 1897 2718 1962; baseline -0.002 -16"><span class='ocrx_word' id='word_1_367' title='bbox 1646 1904 1745 1946; x_wconf 90' lang='lat' dir='ltr'>est.</span> <span class='ocrx_word' id='word_1_368' title='bbox 1788 1897 1975 1948; x_wconf 61' lang='lat' dir='ltr'>Solunte.</span> <span class='ocrx_word' id='word_1_369' title='bbox 2043 1899 2207 1948; x_wconf 76' lang='lat' dir='ltr'>Classe</span> <span class='ocrx_word' id='word_1_370' title='bbox 2242 1910 2448 1962; x_wconf 88' lang='lat' dir='ltr'>quoqne</span> <span class='ocrx_word' id='word_1_371' title='bbox 2488 1903 2718 1961; x_wconf 83' lang='lat' dir='ltr'>quatuor</span> 
     </span>
     <span class='ocr_line' id='line_1_72' title="bbox 1646 1967 2717 2038; baseline -0.003 -15"><span class='ocrx_word' id='word_1_372' title='bbox 1646 1973 1851 2038; x_wconf 85' lang='lat' dir='ltr'>scripti,</span> <span class='ocrx_word' id='word_1_373' title='bbox 1868 1975 1958 2023; x_wconf 87' lang='lat' dir='ltr'>sed</span> <span class='ocrx_word' id='word_1_374' title='bbox 1978 1975 2160 2024; x_wconf 86' lang='lat' dir='ltr'>melius</span> <span class='ocrx_word' id='word_1_375' title='bbox 2178 1967 2411 2024; x_wconf 71' lang='lat' dir='ltr'>veterem</span> <span class='ocrx_word' id='word_1_376' title='bbox 2433 1973 2717 2022; x_wconf 86' lang='lat' dir='ltr'>lectionem</span> 
     </span>
     <span class='ocr_line' id='line_1_73' title="bbox 1646 2051 2719 2118; baseline -0.002 -18"><span class='ocrx_word' id='word_1_377' title='bbox 1646 2058 1857 2102; x_wconf 87' lang='lat' dir='ltr'>tuentur</span> <span class='ocrx_word' id='word_1_378' title='bbox 1894 2051 1998 2102; x_wconf 89' lang='lat' dir='ltr'>dno</span> <span class='ocrx_word' id='word_1_379' title='bbox 2035 2052 2223 2118; x_wconf 84' lang='lat' dir='ltr'>reliqui</span> <span class='ocrx_word' id='word_1_380' title='bbox 2261 2058 2319 2102; x_wconf 87' lang='lat' dir='ltr'>et</span> <span class='ocrx_word' id='word_1_381' title='bbox 2357 2051 2478 2099; x_wconf 79' lang='lat' dir='ltr'>edd.</span> <span class='ocrx_word' id='word_1_382' title='bbox 2517 2064 2719 2102; x_wconf 85' lang='lat' dir='ltr'>omnes.</span> 
     </span>
     <span class='ocr_line' id='line_1_74' title="bbox 1648 2127 2766 2193; baseline -0.001 -16"><span class='ocrx_word' id='word_1_383' title='bbox 1648 2127 1840 2177; x_wconf 86' lang='lat' dir='ltr'>Facilis</span> <span class='ocrx_word' id='word_1_384' title='bbox 1871 2137 1954 2178; x_wconf 81' lang='lat' dir='ltr'>est</span> <span class='ocrx_word' id='word_1_385' title='bbox 1986 2131 2185 2193; x_wconf 87' lang='lat' dir='ltr'>lapsus,</span> <span class='ocrx_word' id='word_1_386' title='bbox 2214 2142 2330 2178; x_wconf 88' lang='lat' dir='ltr'>cum</span> <span class='ocrx_word' id='word_1_387' title='bbox 2368 2127 2545 2177; x_wconf 89' lang='lat' dir='ltr'>littera</span> <span class='ocrx_word' id='word_1_388' title='bbox 2580 2143 2631 2175; x_wconf 84' lang='lat' dir='ltr'>m</span> <span class='ocrx_word' id='word_1_389' title='bbox 2659 2128 2718 2177; x_wconf 87' lang='lat' dir='ltr'>in</span> <span class='ocrx_word' id='word_1_390' title='bbox 2759 2135 2766 2139; x_wconf 84' lang='grc'><strong>’</strong></span> 
     </span>
     <span class='ocr_line' id='line_1_75' title="bbox 1646 2203 2718 2268; baseline -0.005 -13"><span class='ocrx_word' id='word_1_391' title='bbox 1646 2204 1778 2256; x_wconf 88' lang='lat' dir='ltr'>Mss.</span> <span class='ocrx_word' id='word_1_392' title='bbox 1793 2203 1904 2254; x_wconf 84' lang='lat' dir='ltr'>fere</span> <span class='ocrx_word' id='word_1_393' title='bbox 1922 2206 2122 2268; x_wconf 86' lang='lat' dir='ltr'>scripta</span> <span class='ocrx_word' id='word_1_394' title='bbox 2137 2205 2328 2254; x_wconf 81' lang='lat' dir='ltr'>lineola</span> <span class='ocrx_word' id='word_1_395' title='bbox 2342 2203 2510 2252; x_wconf 85' lang='lat' dir='ltr'>notari</span> <span class='ocrx_word' id='word_1_396' title='bbox 2529 2203 2718 2259; x_wconf 86' lang='lat' dir='ltr'>soleat,</span> 
     </span>
     <span class='ocr_line' id='line_1_76' title="bbox 1648 2267 2719 2347; baseline 0 -17"><span class='ocrx_word' id='word_1_397' title='bbox 1648 2294 1766 2344; x_wconf 80' lang='lat' dir='ltr'>quae</span> <span class='ocrx_word' id='word_1_398' title='bbox 1803 2267 2085 2347; x_wconf 70' lang='lat' dir='ltr'>saepissime</span> <span class='ocrx_word' id='word_1_399' title='bbox 2114 2295 2147 2330; x_wconf 84' lang='lat' dir='ltr'>a</span> <span class='ocrx_word' id='word_1_400' title='bbox 2185 2279 2582 2346; x_wconf 86' lang='lat' dir='ltr'>properantibus</span> <span class='ocrx_word' id='word_1_401' title='bbox 2611 2278 2719 2330; x_wconf 83' lang='lat' dir='ltr'>fuit</span> 
     </span>
     <span class='ocr_line' id='line_1_77' title="bbox 1648 2356 2721 2421; baseline 0 -16"><span class='ocrx_word' id='word_1_402' title='bbox 1648 2358 1912 2421; x_wconf 85' lang='lat' dir='ltr'>neglecta,</span> <span class='ocrx_word' id='word_1_403' title='bbox 1964 2358 2255 2421; x_wconf 64' lang='lat' dir='ltr'>prasertim</span> <span class='ocrx_word' id='word_1_404' title='bbox 2307 2358 2396 2406; x_wconf 90' lang='lat' dir='ltr'>ubi</span> <span class='ocrx_word' id='word_1_405' title='bbox 2450 2356 2721 2408; x_wconf 85' lang='lat' dir='ltr'>nescirent</span> 
     </span>
     <span class='ocr_line' id='line_1_78' title="bbox 1650 2433 2721 2497; baseline 0.001 -15"><span class='ocrx_word' id='word_1_406' title='bbox 1650 2444 1794 2483; x_wconf 82' lang='lat' dir='ltr'>recte</span> <span class='ocrx_word' id='word_1_407' title='bbox 1816 2435 1972 2484; x_wconf 88' lang='lat' dir='ltr'>etiam</span> <span class='ocrx_word' id='word_1_408' title='bbox 2005 2434 2108 2484; x_wconf 88' lang='lat' dir='ltr'>dici</span> <span class='ocrx_word' id='word_1_409' title='bbox 2141 2435 2157 2463; x_wconf 78' lang='lat'>⁸</span> <span class='ocrx_word' id='word_1_410' title='bbox 2180 2433 2426 2497; x_wconf 84' lang='lat' dir='ltr'>trajicere</span> <span class='ocrx_word' id='word_1_411' title='bbox 2458 2433 2721 2491; x_wconf 80' lang='lat' dir='ltr'>classem,&#39;</span> 
     </span>
     <span class='ocr_line' id='line_1_79' title="bbox 1651 2510 2720 2578; baseline 0 -17"><span class='ocrx_word' id='word_1_412' title='bbox 1651 2525 1743 2578; x_wconf 63' lang='lat' dir='ltr'>pro</span> <span class='ocrx_word' id='word_1_413' title='bbox 1765 2525 1866 2576; x_wconf 89' lang='lat' dir='ltr'>quo</span> <span class='ocrx_word' id='word_1_414' title='bbox 1887 2512 1987 2573; x_wconf 90' lang='lat' dir='ltr'>ipsi</span> <span class='ocrx_word' id='word_1_415' title='bbox 2012 2510 2202 2574; x_wconf 77' lang='lat' dir='ltr'>saepins</span> <span class='ocrx_word' id='word_1_416' title='bbox 2222 2511 2494 2560; x_wconf 83' lang='lat' dir='ltr'>audierant</span> <span class='ocrx_word' id='word_1_417' title='bbox 2513 2517 2531 2543; x_wconf 74' lang='lat'>“</span> <span class='ocrx_word' id='word_1_418' title='bbox 2544 2511 2720 2562; x_wconf 85' lang='lat' dir='ltr'>classe</span> 
     </span>
     <span class='ocr_line' id='line_1_80' title="bbox 1651 2586 2720 2652; baseline 0.001 -15"><span class='ocrx_word' id='word_1_419' title='bbox 1651 2586 1927 2652; x_wconf 64' lang='lat' dir='ltr'>trajicere!</span> <span class='ocrx_word' id='word_1_420' title='bbox 1996 2587 2103 2637; x_wconf 88' lang='lat' dir='ltr'>Sed</span> <span class='ocrx_word' id='word_1_421' title='bbox 2140 2587 2295 2651; x_wconf 83' lang='lat' dir='ltr'>hujus</span> <span class='ocrx_word' id='word_1_422' title='bbox 2332 2588 2610 2638; x_wconf 86' lang='lat' dir='ltr'>locutionis</span> <span class='ocrx_word' id='word_1_423' title='bbox 2630 2589 2720 2638; x_wconf 80' lang='lat' dir='ltr'>vel</span> 
     </span>
     <span class='ocr_line' id='line_1_81' title="bbox 1649 2664 2721 2728; baseline 0.001 -16"><span class='ocrx_word' id='word_1_424' title='bbox 1649 2665 1785 2713; x_wconf 88' lang='lat' dir='ltr'>solus</span> <span class='ocrx_word' id='word_1_425' title='bbox 1823 2664 1998 2715; x_wconf 77' lang='lat' dir='ltr'>Livius</span> <span class='ocrx_word' id='word_1_426' title='bbox 2034 2665 2164 2715; x_wconf 84' lang='lat' dir='ltr'>satis</span> <span class='ocrx_word' id='word_1_427' title='bbox 2196 2679 2433 2728; x_wconf 81' lang='lat' dir='ltr'>magnam</span> <span class='ocrx_word' id='word_1_428' title='bbox 2455 2665 2604 2714; x_wconf 89' lang='lat' dir='ltr'>dabit</span> <span class='ocrx_word' id='word_1_429' title='bbox 2625 2679 2721 2715; x_wconf 83' lang='lat' dir='ltr'>ex-</span> 
     </span>
     <span class='ocr_line' id='line_1_82' title="bbox 1649 2742 2721 2805; baseline 0.002 -15"><span class='ocrx_word' id='word_1_430' title='bbox 1649 2742 1931 2805; x_wconf 84' lang='lat' dir='ltr'>emplorum</span> <span class='ocrx_word' id='word_1_431' title='bbox 1967 2743 2171 2805; x_wconf 85' lang='lat' dir='ltr'>copiam</span> <span class='ocrx_word' id='word_1_432' title='bbox 2207 2755 2335 2792; x_wconf 78' lang='lat' dir='ltr'>xxx.</span> <span class='ocrx_word' id='word_1_433' title='bbox 2365 2746 2448 2792; x_wconf 85' lang='grc'><strong>41.</strong></span> <span class='ocrx_word' id='word_1_434' title='bbox 2496 2742 2514 2768; x_wconf 87' lang='lat'>‘</span> <span class='ocrx_word' id='word_1_435' title='bbox 2537 2742 2721 2793; x_wconf 86' lang='lat' dir='ltr'>Licuit</span> 
     </span>
     <span class='ocr_line' id='line_1_83' title="bbox 1649 2817 2719 2881; baseline -0.001 -14"><span class='ocrx_word' id='word_1_436' title='bbox 1649 2818 1867 2868; x_wconf 87' lang='lat' dir='ltr'>classem</span> <span class='ocrx_word' id='word_1_437' title='bbox 1903 2818 2175 2867; x_wconf 81' lang='lat' dir='ltr'>victricem</span> <span class='ocrx_word' id='word_1_438' title='bbox 2211 2818 2263 2866; x_wconf 88' lang='lat' dir='ltr'>iu</span> <span class='ocrx_word' id='word_1_439' title='bbox 2301 2817 2529 2867; x_wconf 77' lang='lat' dir='ltr'>Africam</span> <span class='ocrx_word' id='word_1_440' title='bbox 2568 2818 2719 2881; x_wconf 83' lang='lat' dir='ltr'>traji-</span> 
     </span>
     <span class='ocr_line' id='line_1_84' title="bbox 1650 2892 2720 2958; baseline -0.001 -15"><span class='ocrx_word' id='word_1_441' title='bbox 1650 2892 1811 2943; x_wconf 88' lang='lat' dir='ltr'>cere.’</span> <span class='ocrx_word' id='word_1_442' title='bbox 1842 2907 1991 2958; x_wconf 68' lang='lat' dir='ltr'>xxii.</span> <span class='ocrx_word' id='word_1_443' title='bbox 2008 2897 2093 2943; x_wconf 77' lang='grc'><strong>27.</strong></span> <span class='ocrx_word' id='word_1_444' title='bbox 2114 2897 2130 2922; x_wconf 81' lang='lat'><strong>⁴</strong></span> <span class='ocrx_word' id='word_1_445' title='bbox 2151 2893 2383 2943; x_wconf 87' lang='lat' dir='ltr'>Classem</span> <span class='ocrx_word' id='word_1_446' title='bbox 2408 2894 2459 2944; x_wconf 93' lang='lat' dir='ltr'>in</span> <span class='ocrx_word' id='word_1_447' title='bbox 2485 2892 2720 2942; x_wconf 84' lang='lat' dir='ltr'>Africam</span> 
     </span>
     <span class='ocr_line' id='line_1_85' title="bbox 1651 2969 2723 3034; baseline 0 -15"><span class='ocrx_word' id='word_1_448' title='bbox 1651 2969 1953 3034; x_wconf 57' lang='lat' dir='ltr'>trajiceret?</span> <span class='ocrx_word' id='word_1_449' title='bbox 2008 2981 2224 3021; x_wconf 82' lang='lat' dir='ltr'>xxvm.</span> <span class='ocrx_word' id='word_1_450' title='bbox 2250 2976 2303 3020; x_wconf 84' lang='lat'>6.</span> <span class='ocrx_word' id='word_1_451' title='bbox 2337 2974 2354 3000; x_wconf 78' lang='lat'>⁸</span> <span class='ocrx_word' id='word_1_452' title='bbox 2381 2970 2723 3034; x_wconf 84' lang='lat' dir='ltr'>classemque</span> 
     </span>
     <span class='ocr_line' id='line_1_86' title="bbox 1649 3045 2720 3110; baseline -0.001 -15"><span class='ocrx_word' id='word_1_453' title='bbox 1649 3046 1772 3095; x_wconf 82' lang='lat' dir='ltr'>inde</span> <span class='ocrx_word' id='word_1_454' title='bbox 1804 3046 1868 3095; x_wconf 86' lang='lat' dir='ltr'>ad</span> <span class='ocrx_word' id='word_1_455' title='bbox 1902 3047 2104 3110; x_wconf 78' lang='lat' dir='ltr'>Cynum</span> <span class='ocrx_word' id='word_1_456' title='bbox 2129 3046 2363 3097; x_wconf 86' lang='lat' dir='ltr'>Locridis</span> <span class='ocrx_word' id='word_1_457' title='bbox 2398 3045 2648 3110; x_wconf 67' lang='lat' dir='ltr'>trajecit!</span> <span class='ocrx_word' id='word_1_458' title='bbox 2671 3060 2720 3095; x_wconf 88' lang='lat' dir='ltr'>c.</span> 
     </span>
     <span class='ocr_line' id='line_1_87' title="bbox 1649 3122 2721 3185; baseline -0.002 -14"><span class='ocrx_word' id='word_1_459' title='bbox 1649 3125 1733 3171; x_wconf 73' lang='grc'><strong>36.</strong></span> <span class='ocrx_word' id='word_1_460' title='bbox 1790 3122 2026 3173; x_wconf 80' lang='lat' dir='ltr'>‘anere</span> <span class='ocrx_word' id='word_1_461' title='bbox 2070 3129 2330 3185; x_wconf 82' lang='lat' dir='ltr'>senatum,</span> <span class='ocrx_word' id='word_1_462' title='bbox 2374 3130 2434 3172; x_wconf 87' lang='lat' dir='ltr'>ut</span> <span class='ocrx_word' id='word_1_463' title='bbox 2482 3122 2721 3185; x_wconf 82' lang='lat' dir='ltr'>classem,</span> 
     </span>
     <span class='ocr_line' id='line_1_88' title="bbox 1650 3195 2722 3263; baseline -0.001 -17"><span class='ocrx_word' id='word_1_464' title='bbox 1650 3211 1803 3263; x_wconf 79' lang='lat' dir='ltr'>quam</span> <span class='ocrx_word' id='word_1_465' title='bbox 1848 3195 2095 3247; x_wconf 82' lang='lat' dir='ltr'>Gadibus·</span> <span class='ocrx_word' id='word_1_466' title='bbox 2130 3197 2369 3254; x_wconf 79' lang='lat' dir='ltr'>liaberet,</span> <span class='ocrx_word' id='word_1_467' title='bbox 2413 3198 2468 3245; x_wconf 93' lang='lat' dir='ltr'>in</span> <span class='ocrx_word' id='word_1_468' title='bbox 2510 3197 2722 3246; x_wconf 85' lang='lat' dir='ltr'>ltaliam</span> 
     </span>
     <span class='ocr_line' id='line_1_89' title="bbox 1651 3272 2722 3339; baseline 0.001 -17"><span class='ocrx_word' id='word_1_469' title='bbox 1651 3272 1966 3338; x_wconf 62' lang='lat' dir='ltr'>trajiceret?-</span> <span class='ocrx_word' id='word_1_470' title='bbox 2021 3287 2161 3324; x_wconf 77' lang='lat' dir='ltr'>xxx.</span> <span class='ocrx_word' id='word_1_471' title='bbox 2201 3279 2285 3325; x_wconf 84' lang='grc'><strong>27.</strong></span> <span class='ocrx_word' id='word_1_472' title='bbox 2325 3274 2434 3323; x_wconf 82' lang='lat' dir='ltr'>‘Ut</span> <span class='ocrx_word' id='word_1_473' title='bbox 2468 3274 2722 3339; x_wconf 82' lang='lat' dir='ltr'>quinqua·</span> 
     </span>
     <span class='ocr_line' id='line_1_90' title="bbox 1653 3349 2721 3413; baseline 0 -14"><span class='ocrx_word' id='word_1_474' title='bbox 1653 3350 1801 3413; x_wconf 71' lang='lat' dir='ltr'>ginta</span> <span class='ocrx_word' id='word_1_475' title='bbox 1822 3349 2028 3399; x_wconf 76' lang='lat' dir='ltr'>navium</span> <span class='ocrx_word' id='word_1_476' title='bbox 2048 3351 2263 3399; x_wconf 86' lang='lat' dir='ltr'>classem</span> <span class='ocrx_word' id='word_1_477' title='bbox 2283 3352 2335 3400; x_wconf 90' lang='lat' dir='ltr'>in</span> <span class='ocrx_word' id='word_1_478' title='bbox 2353 3349 2590 3400; x_wconf 82' lang='lat' dir='ltr'>Africam</span> <span class='ocrx_word' id='word_1_479' title='bbox 2616 3359 2721 3400; x_wconf 84' lang='lat' dir='ltr'>tra·</span> 
     </span>
     <span class='ocr_line' id='line_1_91' title="bbox 1645 3425 2720 3492; baseline 0 -16"><span class='ocrx_word' id='word_1_480' title='bbox 1645 3425 1879 3490; x_wconf 86' lang='lat' dir='ltr'>jiceret.’</span> <span class='ocrx_word' id='word_1_481' title='bbox 1900 3435 1956 3476; x_wconf 84' lang='lat' dir='ltr'>et</span> <span class='ocrx_word' id='word_1_482' title='bbox 1976 3440 2134 3477; x_wconf 81' lang='lat' dir='ltr'>xxxv</span> <span class='ocrx_word' id='word_1_483' title='bbox 2144 3439 2209 3476; x_wconf 90' lang='lat'>11.</span> <span class='ocrx_word' id='word_1_484' title='bbox 2225 3432 2276 3477; x_wconf 83' lang='grc'><strong>9.</strong></span> <span class='ocrx_word' id='word_1_485' title='bbox 2295 3430 2312 3456; x_wconf 77' lang='lat'>⁸</span> <span class='ocrx_word' id='word_1_486' title='bbox 2331 3428 2459 3478; x_wconf 82' lang='lat' dir='ltr'>Mox</span> <span class='ocrx_word' id='word_1_487' title='bbox 2474 3426 2720 3492; x_wconf 80' lang='lat' dir='ltr'>Abydum</span> 
     </span>
     <span class='ocr_line' id='line_1_92' title="bbox 1654 3504 2719 3568; baseline 0 -15"><span class='ocrx_word' id='word_1_488' title='bbox 1654 3505 1886 3568; x_wconf 73' lang='lat' dir='ltr'>trajecta</span> <span class='ocrx_word' id='word_1_489' title='bbox 1914 3504 2126 3554; x_wconf 85' lang='lat' dir='ltr'>classis.’</span> <span class='ocrx_word' id='word_1_490' title='bbox 2191 3505 2356 3555; x_wconf 79' lang='lat' dir='ltr'>Tacit.</span> <span class='ocrx_word' id='word_1_491' title='bbox 2387 3504 2524 3555; x_wconf 86' lang='lat' dir='ltr'>Ann.</span> <span class='ocrx_word' id='word_1_492' title='bbox 2548 3519 2615 3554; x_wconf 87' lang='lat'>11.</span> <span class='ocrx_word' id='word_1_493' title='bbox 2633 3508 2719 3555; x_wconf 83' lang='grc'><strong>78.</strong></span> 
     </span>
    </p>

    <p class='ocr_par' dir='ltr' id='par_1_16' title="bbox 1652 3581 2724 3940">
     <span class='ocr_line' id='line_1_93' title="bbox 1655 3581 2722 3646; baseline -0.002 -15.926"><span class='ocrx_word' id='word_1_494' title='bbox 1655 3581 2058 3646; x_wconf 85' lang='lat' dir='ltr'>‘Trajectisqne</span> <span class='ocrx_word' id='word_1_495' title='bbox 2094 3583 2150 3631; x_wconf 91' lang='lat' dir='ltr'>iu</span> <span class='ocrx_word' id='word_1_496' title='bbox 2186 3582 2541 3632; x_wconf 88' lang='lat' dir='ltr'>continentem</span> <span class='ocrx_word' id='word_1_497' title='bbox 2575 3581 2722 3630; x_wconf 80' lang='lat' dir='ltr'>navi·</span> 
     </span>
     <span class='ocr_line' id='line_1_94' title="bbox 1653 3655 2724 3709; baseline 0.003 -3"><span class='ocrx_word' id='word_1_498' title='bbox 1653 3655 1782 3706; x_wconf 85' lang='lat' dir='ltr'>bns.’</span> <span class='ocrx_word' id='word_1_499' title='bbox 1841 3657 2039 3707; x_wconf 83' lang='lat' dir='ltr'>Eadem</span> <span class='ocrx_word' id='word_1_500' title='bbox 2061 3658 2258 3706; x_wconf 88' lang='lat' dir='ltr'>locutio</span> <span class='ocrx_word' id='word_1_501' title='bbox 2282 3658 2606 3708; x_wconf 80' lang='lat' dir='ltr'>restituenda·</span> <span class='ocrx_word' id='word_1_502' title='bbox 2629 3655 2724 3709; x_wconf 83' lang='lat' dir='ltr'>inf.</span> 
     </span>
     <span class='ocr_line' id='line_1_95' title="bbox 1653 3733 2723 3799; baseline 0 -13"><span class='ocrx_word' id='word_1_503' title='bbox 1653 3751 1701 3787; x_wconf 90' lang='lat' dir='ltr'>c.</span> <span class='ocrx_word' id='word_1_504' title='bbox 1722 3741 1805 3787; x_wconf 77' lang='lat'>49.</span> <span class='ocrx_word' id='word_1_505' title='bbox 1838 3736 1857 3765; x_wconf 87' lang='lat'>‘</span> <span class='ocrx_word' id='word_1_506' title='bbox 1881 3733 2219 3787; x_wconf 84' lang='lat' dir='ltr'>Concedente</span> <span class='ocrx_word' id='word_1_507' title='bbox 2255 3737 2455 3799; x_wconf 82' lang='lat' dir='ltr'>collega</span> <span class='ocrx_word' id='word_1_508' title='bbox 2488 3737 2542 3786; x_wconf 87' lang='lat' dir='ltr'>in</span> <span class='ocrx_word' id='word_1_509' title='bbox 2577 3735 2723 3786; x_wconf 79' lang='lat' dir='ltr'>Afri·</span> 
     </span>
     <span class='ocr_line' id='line_1_96' title="bbox 1652 3812 2722 3881; baseline 0.003 -21"><span class='ocrx_word' id='word_1_510' title='bbox 1652 3823 1765 3861; x_wconf 78' lang='lat' dir='ltr'>cam</span> <span class='ocrx_word' id='word_1_511' title='bbox 1783 3812 1999 3863; x_wconf 79' lang='lat' dir='ltr'>classem</span> <span class='ocrx_word' id='word_1_512' title='bbox 2017 3812 2263 3877; x_wconf 83' lang='lat' dir='ltr'>trajecit.&#39;</span> <span class='ocrx_word' id='word_1_513' title='bbox 2293 3813 2380 3863; x_wconf 87' lang='lat' dir='ltr'>Sic</span> <span class='ocrx_word' id='word_1_514' title='bbox 2395 3814 2577 3881; x_wconf 73' lang='lat' dir='ltr'>volunt</span> <span class='ocrx_word' id='word_1_515' title='bbox 2592 3813 2722 3863; x_wconf 78' lang='lat' dir='ltr'>Mas.</span> 
     </span>
     <span class='ocr_line' id='line_1_97' title="bbox 1655 3889 1832 3940; baseline -0.011 0"><span class='ocrx_word' id='word_1_516' title='bbox 1655 3889 1832 3940; x_wconf 74' lang='lat' dir='ltr'>Arntz.</span> 
     </span>
    </p>

    <p class='ocr_par' dir='ltr' id='par_1_17' title="bbox 1653 3964 2797 4335">
     <span class='ocr_line' id='line_1_98' title="bbox 1718 3964 2720 4029; baseline -0.002 -14"><span class='ocrx_word' id='word_1_517' title='bbox 1718 3966 1799 4014; x_wconf 79' lang='lat' dir='ltr'>En</span> <span class='ocrx_word' id='word_1_518' title='bbox 1830 3964 2075 4029; x_wconf 76' lang='lat' dir='ltr'>quassato]</span> <span class='ocrx_word' id='word_1_519' title='bbox 2121 3965 2211 4014; x_wconf 89' lang='lat' dir='ltr'>Ita</span> <span class='ocrx_word' id='word_1_520' title='bbox 2242 3979 2311 4014; x_wconf 87' lang='lat' dir='ltr'>ex</span> <span class='ocrx_word' id='word_1_521' title='bbox 2334 3965 2465 4014; x_wconf 85' lang='lat' dir='ltr'>Mss.</span> <span class='ocrx_word' id='word_1_522' title='bbox 2500 3964 2720 4029; x_wconf 71' lang='lat' dir='ltr'>corrige.</span> 
     </span>
     <span class='ocr_line' id='line_1_99' title="bbox 1655 4041 2797 4109; baseline 0.002 -20"><span class='ocrx_word' id='word_1_523' title='bbox 1655 4042 1881 4108; x_wconf 68' lang='lat' dir='ltr'>angata</span> <span class='ocrx_word' id='word_1_524' title='bbox 1916 4042 2056 4092; x_wconf 87' lang='lat' dir='ltr'>enim</span> <span class='ocrx_word' id='word_1_525' title='bbox 2097 4047 2345 4106; x_wconf 74' lang='lat' dir='ltr'>quassatos</span> <span class='ocrx_word' id='word_1_526' title='bbox 2378 4043 2496 4091; x_wconf 71' lang='lat' dir='ltr'>dnos</span> <span class='ocrx_word' id='word_1_527' title='bbox 2528 4041 2723 4091; x_wconf 64' lang='lat' dir='ltr'>Hamil·</span> <span class='ocrx_word' id='word_1_528' title='bbox 2792 4102 2797 4109; x_wconf 40' lang='grc'><strong>,</strong></span> 
     </span>
     <span class='ocr_line' id='line_1_100' title="bbox 1653 4117 2720 4182; baseline -0.002 -15"><span class='ocrx_word' id='word_1_529' title='bbox 1653 4131 1764 4167; x_wconf 81' lang='lat' dir='ltr'>cars</span> <span class='ocrx_word' id='word_1_530' title='bbox 1797 4117 1983 4167; x_wconf 86' lang='lat' dir='ltr'>falsum</span> <span class='ocrx_word' id='word_1_531' title='bbox 2016 4132 2222 4168; x_wconf 89' lang='lat' dir='ltr'>sensnm</span> <span class='ocrx_word' id='word_1_532' title='bbox 2255 4119 2515 4179; x_wconf 85' lang='lat' dir='ltr'>continet,</span> <span class='ocrx_word' id='word_1_533' title='bbox 2535 4119 2580 4167; x_wconf 83' lang='lat' dir='ltr'>si</span> <span class='ocrx_word' id='word_1_534' title='bbox 2607 4118 2720 4182; x_wconf 81' lang='lat' dir='ltr'>ipse</span> 
     </span>
     <span class='ocr_line' id='line_1_101' title="bbox 1657 4193 2720 4257; baseline -0.002 -15"><span class='ocrx_word' id='word_1_535' title='bbox 1657 4193 1839 4242; x_wconf 87' lang='lat' dir='ltr'>Latine</span> <span class='ocrx_word' id='word_1_536' title='bbox 1862 4194 2117 4255; x_wconf 78' lang='lat' dir='ltr'>intelligo.</span> <span class='ocrx_word' id='word_1_537' title='bbox 2184 4193 2467 4257; x_wconf 80' lang='lat' dir='ltr'>Eutropius</span> <span class='ocrx_word' id='word_1_538' title='bbox 2490 4194 2643 4254; x_wconf 88' lang='lat' dir='ltr'>enim,</span> <span class='ocrx_word' id='word_1_539' title='bbox 2665 4198 2720 4240; x_wconf 89' lang='lat' dir='ltr'>et</span> 
     </span>
     <span class='ocr_line' id='line_1_102' title="bbox 1660 4269 2721 4335; baseline -0.003 -15"><span class='ocrx_word' id='word_1_540' title='bbox 1660 4270 1726 4319; x_wconf 85' lang='lat' dir='ltr'>de</span> <span class='ocrx_word' id='word_1_541' title='bbox 1749 4269 1953 4321; x_wconf 66' lang='lat' dir='ltr'>Grecis</span> <span class='ocrx_word' id='word_1_542' title='bbox 1987 4269 2244 4335; x_wconf 80' lang='lat' dir='ltr'>Polybius</span> <span class='ocrx_word' id='word_1_543' title='bbox 2279 4272 2538 4325; x_wconf 82' lang='lat' dir='ltr'>Romanos</span> <span class='ocrx_word' id='word_1_544' title='bbox 2573 4282 2721 4320; x_wconf 74' lang='lat' dir='ltr'>xxm</span> 
     </span>
    </p>
   </div>
   <div class='ocr_carea' id='block_1_10' title="bbox 2956 1641 2975 4011">
    <p class='ocr_par' dir='ltr' id='par_1_18' title="bbox 2956 1641 2975 4011">
     <span class='ocr_line' id='line_1_103' title="bbox 2956 1641 2975 4011; baseline 0 0"><span class='ocrx_word' id='word_1_545' title='bbox 2956 1641 2975 4011; x_wconf 95' lang='lat' dir='ltr'> </span> 
     </span>
    </p>
   </div>
   <div class='ocr_carea' id='block_1_11' title="bbox 2956 1641 2975 4011">
    <p class='ocr_par' dir='ltr' id='par_1_19' title="bbox 2956 1641 2975 4011">
     <span class='ocr_line' id='line_1_104' title="bbox 2956 1641 2975 4011; baseline 0 0"><span class='ocrx_word' id='word_1_546' title='bbox 2956 1641 2975 4011; x_wconf 95' lang='lat' dir='ltr'> </span> 
     </span>
    </p>
   </div>
  </div>
 </body>
</html>
