3025 4934
470 342 610 410 648

539 500 808 565 Protin-a]
848 500 966 549 Vox
1004 503 1233 563 prame
1270 504 1541 562 suspecta,

470 591 589 629 cum
614 577 860 641 pretoria
874 586 1002 627 aetas
1024 575 1184 627 ssierit
1202 575 1541 640 qiiadragesi·

471 667 587 705 mus
614 668 798 703 annus.
831 687 836 696 ·
866 654 1000 704 Nam
1036 653 1330 704 sacerdotia
1362 653 1540 703 admo-

471 732 598 782 dum
610 730 1031 780 adolescentibus
1045 730 1539 782 committebantur:

472 807 610 872 quod
637 808 720 856 vel
744 821 812 857 ex
839 807 983 858 Julio
1008 808 1216 867 Caesare
1239 807 1434 858 clarum
1458 814 1542 859 est

474 882 616 947 apud
647 883 863 933 Sueton.
900 898 1021 947 cap.
1058 887 1141 933 13.
1205 884 1314 934 Sed
1353 884 1539 936 eodem

472 959 628 1023 plane
649 957 803 1009 modo
839 960 1074 1024 loquitur
1104 960 1172 1010 de
1195 961 1403 1012 cmm
1426 963 1543 1011 Sal-

471 1035 603 1086 lust.
626 1035 963 1087 Catilinario:
1014 1039 1031 1066 ‘
1052 1037 1271 1088 Catulus
1306 1053 1371 1087 ex
1406 1038 1545 1101 petiq

473 1111 619 1162 tione
635 1111 968 1175 pontificatus
985 1112 1105 1163 odio
1128 1114 1388 1178 incensus,
1402 1114 1545 1179 quod

473 1196 713 1238 extrema
757 1196 915 1238 aetate
964 1190 1201 1240 maximis
1256 1191 1542 1242 honoribus

473 1280 618 1322 usus,
657 1267 725 1316 ab
759 1267 1156 1317 adolescentulo
1190 1268 1402 1318 Caesare
1437 1269 1544 1318 vic-

479 1350 563 1393 tus
600 1341 956 1393 discesserat.’
1022 1343 1187 1409 Atqui
1232 1353 1342 1396 tum
1379 1346 1544 1396 odili-

472 1428 584 1471 tate
605 1419 837 1483 functus,
861 1429 1145 1485 praeturam
1181 1422 1403 1487 petebat
1428 1423 1540 1474 Ca·

473 1511 595 1547 sar:
652 1499 935 1548 Suetonius
980 1513 1103 1561 cap.
1140 1503 1221 1548 la.
1268 1507 1325 1550 et
1361 1510 1545 1550 noster

472 1574 603 1623 Pius
626 1575 834 1625 biennio
873 1582 992 1640 post
1020 1574 1191 1625 factus
1215 1585 1299 1626 est
1321 1578 1504 1628 consul
1527 1591 1547 1627 2

472 1665 591 1701 cum
646 1652 898 1700 Scaevulae
955 1649 1242 1702 interfecto
1289 1650 1544 1703 Pontifex

471 1726 737 1778 Maximus
782 1740 920 1776 anno
954 1739 1193 1777 nchxt.
1261 1728 1392 1778 Pius
1428 1743 1542 1778 suc·

472 1804 711 1867 cesserit,
729 1803 972 1868 idemque
994 1816 1270 1855 ncuxm.
1293 1819 1408 1856 cum
1427 1807 1544 1856 Sul·

472 1879 527 1929 la
551 1881 879 1930 consulatum
905 1882 1083 1943 gessit.
1121 1882 1211 1931 Sic
1226 1881 1363 1945 apud
1386 1885 1545 1935 Corn.

473 1956 738 2021 Nepotem
773 1958 991 2007 Marcus
1026 1958 1246 2016 Brutus,
1280 1974 1382 2024 quo
1416 1969 1544 2009 tem·

472 2047 604 2099 pore
635 2035 896 2085 Caesaret‘n
931 2042 1148 2099 praetor,
1167 2037 1267 2085 hoc
1295 2045 1397 2098 est,
1418 2051 1545 2102 qua-

471 2111 816 2176 dragenarius
836 2111 1225 2175 interfecit‚non
1243 2116 1405 2163 semel
1421 2117 1546 2165 ado·

477 2188 686 2240 leseeus
710 2195 946 2249 vocatur,
971 2188 1025 2236 in
1049 2189 1157 2237 vita
1178 2187 1369 2239 Attici.
1403 2189 1546 2240 Illud

403 2264 410 2272 “
474 2269 668 2318 autem,
690 2262 1087 2327 quod'sequitur
1121 2266 1445 2315 annularibus
1468 2268 1547 2317 υἰ-

470 2338 565 2401 ris,
608 2340 772 2403 magis
815 2339 975 2388 etiam
1015 2350 1318 2404 suspectam
1362 2357 1551 2393 vocem

470 2420 705 2480 prestera
741 2414 939 2478 reddit,
971 2417 1073 2466 nisi
1106 2416 1340 2468 dicamus
1363 2434 1397 2468 a
1420 2434 1544 2470 corr-

473 2493 732 2543 sularibus
779 2501 1065 2557 praeturam
1114 2494 1303 2545 iterum
1360 2497 1549 2549 ambiri

472 2570 664 2634 solere,
684 2569 826 2634 quod
849 2586 914 2620 ex
938 2571 1156 2621 historia
1170 2573 1405 2624 Mancini
1426 2590 1547 2639 pro-

472 2647 648 2697 babile
688 2647 857 2697 videri
903 2649 1085 2711 possit,
1125 2649 1216 2714 qui
1261 2651 1548 2702 consularis

470 2724 665 2775 iterum
691 2732 891 2787 prator
917 2722 1090 2775 factus
1120 2733 1223 2787 eat,
1245 2725 1315 2776 de
1338 2742 1440 2792 quo
1462 2744 1548 2777 su-

469 2815 568 2866 pra
583 2815 702 2865 cap.
726 2805 812 2851 59.
877 2802 1047 2852 Alteri
1074 2803 1128 2852 id
1170 2803 1421 2853 accidisse
1446 2818 1548 2854 non

468 2880 715 2928 memini:
753 2880 1191 2943 praetorios-vero,
1206 2880 1394 2931 iterum
1417 2897 1547 2945 pre·

411 3005 416 3011 ,
471 2961 616 3008 tores
638 2955 753 3005 fieri
776 2957 1038 3007 interdum
1062 2958 1233 3008 solere
1257 2958 1383 3013 scio,
1407 2958 1549 3022 qniod

472 3035 543 3085 de
566 3037 743 3087 Mario
779 3036 1094 3088 Gratidiano
1126 3038 1390 3087 memoriae
1430 3052 1549 3100 pro·

471 3111 639 3166 ditum
686 3121 771 3163 est
816 3113 882 3163 ab
930 3112 1162 3163 Asconio
1216 3112 1548 3163 Pediano-in

468 3191 764 3240 orationem
802 3189 1068 3240 Ciceronis
1104 3189 1156 3237 in
1179 3189 1330 3251 Toga
1354 3190 1550 3240 Gaudia

468 3265 558 3317 da.
624 3267 818 3316 Exstat
842 3266 927 3315 lex
951 3265 1185 3315 Geuutia
1216 3279 1301 3314 an.
1326 3262 1552 3317 ccccxn

468 3344 598 3405 lata,
616 3356 683 3391 ne
700 3342 814 3405 quis
833 3341 1059 3391 eundem
1084 3342 1446 3403 magistratum
1470 3342 1548 3391 iu·

469 3426 557 3470 tra
590 3418 776 3469 decem
811 3431 973 3467 annos
1005 3425 1246 3479 caperet,
1266 3420 1366 3469 διο.
1406 3418 1548 3482 apud

468 3495 589 3546 lais.
612 3493 828 3542 lim-vn.
871 3492 1031 3542 Certe
1055 3491 1197 3541 locus
1216 3492 1315 3542 iste
1337 3492 1430 3543 diu
1454 3509 1549 3544 uos

470 3571 653 3629 torsit,
665 3569 986 3633 miratusque
1001 3583 1111 3618 sum
1131 3575 1409 3631 proeturam
1428 3576 1555 3634 post,

472 3646 802 3698 consulatum
830 3645 975 3705 peti3
1019 3644 1351 3710 conabarque
1369 3643 1550 3697 facere

470 3722 798 3774 consularibus
800 3720 930 3786 filiis
942 3737 959 3769 .·
984 3720 1420 3785 quemadmodum
1431 3729 1445 3750 ⁸
1458 3737 1551 3786 pa-

472 3799 654 3850 tricios
673 3796 690 3819 '
712 3796 952 3853 dicimus,
975 3795 1064 3861 qui
1088 3796 1347 3859 patribus,
1372 3798 1427 3847 id
1450 3806 1553 3855 est,

468 3874 799 3926 senatoribus
850 3872 964 3921 nati
1008 3881 1178 3930 eraut,
1226 3887 1331 3922 non
1368 3876 1553 3939 solum,

473 3953 564 4017 qui
596 3959 802 4015 patrem
833 3948 977 3998 ciere
1016 3954 1232 4011 possent
1276 3958 1552 4014 essentque

470 4027 703 4091 ingenui.
770 4026 877 4078 Sed
901 4026 1017 4087 ipse
1040 4025 1164 4074 milii
1200 4038 1305 4074 non
1340 4026 1555 4077 satisfa-

470 4106 586 4155 cio:
623 4103 740 4153 libri
766 4102 955 4165 scripti
981 4103 1107 4151 nihil
1129 4102 1245 4165 opis
1281 4104 1551 4156 tuleruntt

432 4217 443 4227 .
471 4183 643 4237 lentot
671 4179 990 4234 consideret„
1019 4178 1214 4228 δώσει.
1263 4180 1398 4252 yox
1425 4195 1554 4244 proe·

473 4263 597 4310 tara
635 4253 769 4307 falsa
811 4263 925 4308 estz
956 4255 1216 4322 quomodo
1260 4258 1399 4310 enim
1435 4258 1554 4311 heic

1170 358 1394 408 80¹1·AE
1442 354 1857 406 VAnloltuas
1902 357 1985 406 IN

1615 496 1892 557 consistat,
1925 511 2042 548 cum
2078 504 2329 562 sequatur
2362 498 2691 554 amatoribus

1614 575 1737 624 viris
1769 574 1999 637 prelum
2035 580 2140 626 est?
2186 574 2373 625 visitur
2413 584 2587 625 tamen
2631 576 2687 625 in

1616 651 1852 701 omnibus
1874 651 2001 704 Mu,
2026 658 2083 706 et
2102 651 2317 716 quidem
2339 653 2546 706 cunctis
2570 667 2688 716 per-

1587 777 1590 784 ,
1619 729 1878 791 scriptum
1904 727 2102 779 literis:
2127 730 2266 793 quod
2281 731 2323 778 si
2343 728 2693 794 admittimus,

1619 806 1840 870 primum
1879 805 2212 855 admittamus
2244 820 2462 858 necesse
2485 804 2691 870 estrad

1615 890 1900 945 praeturam
1943 880 2192 932 admissos
2227 897 2340 934 esse
2388 884 2694 942 adolescen-

1618 968 1720 1022 tes,
1772 958 1967 1016 deinde
2019 961 2317 1009 consulares
2372 960 2564 1010 iterum
2621 959 2691 1009 de

1619 1036 1787 1100 gradu
1823 1050 1916 1085 suo
1940 1035 2290 1097 descendisse,
2323 1037 2401 1085 uti
2425 1037 2692 1092 ambirent

1621 1121 1942 1177 praeturam3
1977 1112 2115 1177 quod
2149 1112 2217 1161 de
2252 1112 2500 1162 Mancino
2532 1127 2695 1175 supra

1617 1206 1665 1242 c.
1686 1196 1768 1242 69.
1833 1194 2033 1243 Noster
2050 1191 2136 1241 hic
2159 1192 2501 1256 pronuntiare
2519 1192 2695 1244 visust

1619 1283 1797 1320 verum
1867 1269 2170 1320 consulatur
2234 1269 2444 1322 ‚amiens
2512 1277 2691 1317 noster

1618 1346 1892 1398 schottus:
1937 1359 2054 1394 nam
2079 1359 2176 1407 ego
2188 1342 2399 1400 festino,
2417 1358 2587 1408 neque
2605 1344 2697 1394 aii·

1618 1423 1689 1472 ud
1732 1423 2008 1479 succurrit,
2042 1435 2200 1485 quam
2245 1420 2298 1470 id
2349 1420 2488 1484 quod
2531 1435 2696 1485 supra

1619 1498 1788 1562 posui.
1826 1499 1976 1548 Grut.
2044 1499 2212 1550 Recte
2249 1497 2484 1547 hocloco
2516 1497 2696 1554 obaer-⁸

1619 1582 1707 1623 vat
1738 1575 2002 1630 Senonas,
2020 1573 2312 1624 sacerdotia
2340 1573 2697 1628 adolescenti*

1618 1652 1715 1702 bus
1732 1652 1894 1708 etiam
1916 1650 2079 1701 fuisse
2105 1652 2401 1701 commissa.
2449 1650 2517 1701 Id
2542 1656 2696 1714 patet

1620 1742 1687 1777 ex
1721 1728 1922 1778 Seneca
1943 1728 2010 1778 de
2036 1728 2126 1777 Ira
2152 1742 2194 1780 ι.
2216 1732 2268 1780 9,.
2299 1729 2316 1755 ⁴
2333 1728 2694 1782 Sacerdotium

1621 1806 1719 1856 tibi
1748 1806 1970 1868 petenti,
2005 1805 2291 1869 proeteritis
2332 1805 2697 1869 conpluribus,

1621 1896 1841 1946 quorum
1884 1889 2129 1944 parentes
2173 1896 2377 1934 mecum
2435 1882 2697 1934 militare*

1622 1968 1762 2022 rant,
1783 1958 1940 2019 dedi?
1984 1959 2119 2012 Sunt
2138 1959 2299 2010 verba
2318 1958 2544 2021 Augusti
2571 1958 2696 2008 Cin-

1619 2049 1738 2085 nam
1762 2036 2104 2099 increpantis,
2128 2050 2281 2098 quem
2307 2036 2493 2096 eodem
2519 2036 2696 2097 cupite

1621 2119 1838 2161 vocarat
1859 2111 1875 2138 ‘
1897 2109 2282 2166 adolescentem
2317 2110 2546 2164 nobilem
2568 2111 2605 2172 ;'
2642 2122 2697 2161 et
2777 2156 2782 2162 .

1619 2196 1766 2239 cette
1790 2189 1864 2238 illi
1889 2189 2048 2238 etiam
2072 2188 2438 2239 adolescentes
2461 2189 2697 2252 fuerunt,

1620 2281 1842 2332 quorum
1868 2269 2045 2330 patres
2071 2267 2173 2329 ipsi
2205 2266 2448 2329 Augusto
2471 2268 2522 2315 in
2547 2268 2696 2317 bellis

1620 2343 1860 2393 civilibus
1885 2341 2179 2393 adfuerant.
2215 2342 2402 2394 Cicero
2425 2345 2491 2394 ad
2517 2345 2700 2394 Famih

1623 2418 1790 2481 Epist.
1810 2431 1875 2467 ιι.
1895 2422 1948 2468 7.
1963 2425 1978 2449 ⁴
2002 2418 2083 2466 De
2105 2418 2401 2467 sacerdotio
2420 2428 2511 2467 tuo
2535 2434 2696 2482 quan·

1622 2504 1730 2544 tam
1755 2494 2078 2544 adhibuerim
2104 2508 2282 2544 curam
2305 2492 2341 2543 ε’
2362 2503 2419 2544 et
2435 2502 2545 2545 tum
2573 2510 2697 2558 pau·-

1622 2570 1699 2624 ris
1740 2572 2080 2633 interpositis,
2132 2570 2216 2619 ‘A
2272 2578 2514 2624 senatore
2554 2572 2698 2624 nobie

1620 2648 1816 2697 lissimo
1868 2657 1925 2697 et
1981 2648 2313 2700 adolescente
2370 2648 2699 2711 gratissimo}

1624 2725 1764 2775 Veli.
1792 2725 2004 2776 Patere.
2035 2738 2101 2775 ιι.
2132 2729 2215 2774 59.
2239 2727 2268 2789 §
2291 2729 2342 2773 3.
2380 2732 2394 2755 ⁸
2419 2725 2700 2776 Pontifica-

1626 2808 1819 2865 tusque
1842 2800 2142 2851 sacerdotio
2160 2815 2378 2864 puerum
2395 2801 2701 2851 honoravit.'

1624 2878 1801 2928 Livius
1823 2891 2014 2928 xxvn.
2052 2882 2103 2927 8.
2136 2878 2255 2928 ‹01›
2291 2878 2699 2928 adolescentiam

1624 2955 1979 3019 negligentem
2003 2954 2430 3019 luxuriosamque
2462 2956 2525 3005 C.
2554 2955 2702 3006 Flue-

1623 3046 1715 3082 cus
1737 3028 1927 3080 flamen
1945 3040 2135 3094 captos
2158 3030 2310 3079 erat.'
2376 3044 2600 3082 xxxin.
2621 3037 2702 3082 Ω.

1619 3108 1637 3135 ⁸
1665 3106 1735 3159 Q,
1760 3107 1954 3156 Fabius
1978 3108 2238 3160 Maximus
2262 3122 2435 3171 augur
2465 3117 2700 3158 mortuus

1624 3190 1707 3231 est
1730 3181 2008 3232 admodum
2036 3182 2364 3240 adolescens.
2399 3185 2700 3249 priusquam

1624 3260 1782 3309 ullum
1826 3260 2190 3324 magistratum
2226 3271 2479 3324 caperet:
2500 3261 2514 3282 ’
2564 3262 2700 3327 quod

1627 3346 1803 3389 tamen
1850 3340 2020 3389 rarius
2045 3341 2167 3390 olim
2203 3341 2458 3391 accidisse
2496 3346 2704 3391 constat

1625 3429 1692 3464 ex
1717 3416 1902 3464 eodem
1929 3416 2022 3466 lib.
2067 3430 2230 3467 xxix.
2269 3432 2389 3481 cap.
2423 3419 2519 3468 ult.
2560 3424 2576 3446 ‘
2599 3418 2702 3467 Au·

1625 3506 1723 3555 gur
1755 3492 2000 3543 Tiberius
2037 3494 2382 3558 Sempronius
2423 3494 2698 3544 Gracchus

1627 3568 1901 3618 admodum
1927 3569 2253 3632 adolescens,
2273 3570 2415 3634 quod
2439 3578 2564 3619 tunc
2584 3585 2704 3635 per·

1627 3646 1802 3694 rariim
1822 3645 1872 3693 in
1899 3644 2206 3695 mandandis
2221 3647 2533 3695 sacerdotiis
2551 3645 2705 3700 erat?

1626 3721 1783 3772 Adde
1807 3722 2041 3772 Curtium
2066 3722 2131 3770 ad
2159 3722 2373 3772 Sallust.
2399 3723 2559 3772 Catil.
2582 3737 2698 3786 cap.

1624 3805 1708 3851 49.
1751 3804 1779 3866 §
1817 3806 1870 3851 2.
1935 3799 2043 3850 Sed
2086 3802 2315 3865 majores
2360 3798 2699 3850 difficultates

1630 3877 1753 3927 viris
1775 3877 1995 3927 eruditis
2032 3877 2288 3925 excitavit
2322 3890 2425 3924 vox
2456 3881 2704 3939 protare,

1628 3968 1745 4018 quoe
1784 3961 1959 4003 tamen
1979 3954 2141 4002 etiam
2166 3953 2217 4000 in
2241 3951 2481 4000 omnibus
2515 3954 2703 4003 nostris

1630 4038 1685 4079 et
1706 4029 1830 4078 edd.
1852 4038 2045 4078 exstat.
2113 4025 2338 4079 Quidam
2371 4041 2484 4075 eam
2525 4043 2700 4078 vocem

1628 4107 1902 4160 omittunt,
1924 4105 2063 4169 quod
2088 4103 2275 4153 durum
2301 4110 2405 4164 est,
2437 4104 2521 4153 rel
2561 4119 2700 4169 repo·

1625 4192 1761 4233 nunt
1796 4182 2127 4241 consularibus
2142 4180 2307 4247 ficii„-
2365 4196 2482 4244 quae
2531 4182 2700 4238 lectio.

1628 4267 1691 4312 ut
1726 4258 1795 4311 de
1831 4260 2035 4313 ratione
2070 4258 2226 4323 hujus
2263 4259 2549 4312 locutionis
2583 4258 2699 4312 nunu
