3025 4934
401 425 534 491 470

473 585 611 635 CAP.
638 582 771 634 xvr.'
821 585 848 648 ς
874 588 899 632 1
944 583 1205 649 firi-hum]
1237 584 1343 635 Hic
1376 599 1470 634 no-

406 661 635 711 minatur
666 664 683 690 ⁸
701 661 918 725 Tityrus
936 659 949 680 ’
971 677 999 710 a
1023 661 1242 724 Dionys.
1270 661 1393 711 Hal.
1415 676 1470 724 p.

408 741 524 787 376.
548 742 629 786 16.
654 738 670 766 4
688 738 985 802 Tyrrhenus
1008 735 1021 756 ’
1044 752 1097 800 p.
1121 742 1201 787 56.
1221 741 1305 787 23.
1360 736 1466 787 Sed

410 815 647 879 Tyrrhum
689 815 923 877 agnoscit
966 814 1120 863 etiam
1166 814 1353 876 virgil.
1410 821 1468 864 et

407 890 618 951 quidem
676 891 842 940 tribus
911 890 963 939 in
1018 891 1161 942 locis.
1231 890 1465 955 Sylburg.

404 972 420 995 ‘
438 962 758 1030 Tyrrlienum
777 966 791 987 ’
813 976 966 1016 vocat
989 968 1208 1032 Dionys.
1229 968 1316 1031 qui
1332 969 1467 1018 hanc

401 1043 673 1093 historiam
707 1051 902 1093 narrat.
937 1044 1096 1094 Anna.
1181 1043 1357 1109 Atque
1391 1045 1467 1094 ita

398 1118 683 1182 legendum
723 1134 838 1169 esse
882 1120 933 1169 iu
967 1134 1128 1185 marg.
1164 1121 1466 1185 conjecerat

401 1195 670 1245 schottus.
717 1194 894 1244 Arm.

472 1271 611 1320 CAP.
638 1284 781 1320 xvu.
817 1272 844 1335 ς
869 1274 902 1320 2
928 1268 1105 1320 Nescio
1126 1270 1337 1334 quantis]
1358 1272 1466 1323 Pro
1494 1298 1498 1304 -

403 1348 598 1410 quantis
633 1346 686 1396 in
719 1352 824 1396 vet.
845 1347 939 1395 lib.
973 1354 1057 1396 est
1087 1345 1263 1410 quat’s,
1286 1363 1466 1409 super·

398 1424 601 1485 scripta
656 1422 722 1472 ad
768 1428 791 1472 t
833 1422 1062 1485 desuper
1115 1424 1461 1488 apostrophoz

402 1497 543 1548 unde
556 1499 800 1548 Scliottus
815 1498 1033 1561 conjicit
1051 1499 1327 1562 legendum
1350 1515 1466 1563 qua-

403 1583 570 1625 tenus.-
604 1575 870 1625 historiam
907 1576 1127 1625 eandem
1166 1584 1347 1625 narrat
1370 1576 1466 1625 eti-

404 1668 490 1702 am
534 1653 762 1716 Dionys.
804 1653 933 1702 Hal.
970 1656 1050 1702 5⁴.
1113 1657 1190 1701 13.
1240 1652 1466 1718 Syllam-g.

398 1729 576 1794 [Vide'
601 1730 774 1785 Lectt.
815 1729 964 1793 Van]
1028 1729 1134 1779 Sed
1171 1744 1350 1779 omnes
1384 1731 1465 1779 hae

402 1807 728 1869 conjecturas
768 1820 868 1855 non
913 1806 1179 1856 meliorem
1233 1805 1467 1856 efficiunt

399 1884 739 1941 senteutiam,
757 1898 910 1946 quam
936 1886 988 1932 in
1013 1885 1225 1946 vulgata
1240 1884 1466 1933 lectione

399 1958 645 2009 habetur.
714 1960 873 2009 Certe
896 1960 1073 2008 nescio
1095 1975 1190 2009 cur
1211 1960 1378 2010 minus
1398 1960 1466 2009 ri-

403 2035 638 2084 diculum
677 2035 746 2084 sit
790 2036 876 2085 hic
917 2036 1092 2098 legere
1131 2036 1279 2099 queis,
1312 2051 1465 2098 quam

403 2114 616 2177 quantis.
684 2112 816 2164 Quis
850 2113 987 2161 enim
1011 2113 1105 2162 hoc
1130 2113 1194 2160 ab
1217 2111 1464 2162 historico

406 2191 719 2252 postularet,
759 2195 816 2238 ut
860 2204 1066 2252 semper
1102 2190 1323 2238 obscura
1377 2191 1466 2240 illa

405 2266 680 2315 custodum
719 2266 927 2316 nomina
950 2266 1188 2330 adderet,
1225 2281 1340 2331 quae
1381 2281 1465 2317 res

403 2343 600 2404 legenti
658 2341 871 2391 taedinm
919 2345 1090 2406 potius
1130 2345 1466 2408 conciliaret,

403 2424 557 2482 quam
584 2419 720 2468 inter
756 2418 993 2469 historici
1028 2420 1249 2470 tin-tutes
1287 2420 1468 2473 receu'·

401 2497 506 2546 seri
523 2504 720 2561 posset.
789 2497 965 2545 Nescio
988 2502 1217 2559 quotenus
1238 2499 1466 2551 scribere

401 2588 505 2622 non
531 2573 699 2635 potuit
720 2573 935 2628 Noster,
953 2574 1204 2637 siquidem
1231 2577 1465 2639 gentium

403 2651 565 2700 sacris
587 2648 848 2712 addictus,
872 2651 958 2712 qui
982 2664 1081 2698 non
1107 2653 1271 2701 solnm
1292 2664 1464 2703 custo·

405 2725 527 2786 diis,
550 2740 726 2774 verum
747 2725 830 2774 vel
848 2726 1065 2775 vinculis
1092 2729 1314 2778 retinere
1335 2731 1465 2780 sole-

403 2803 532 2852 bsnt
557 2805 732 2852 Deos:
767 2802 834 2851 de
860 2818 961 2866 quo
986 2819 1124 2853 more
1149 2808 1466 2858 Freinshem.

356 2910 363 2913 -
405 2878 472 2928 ad
497 2880 733 2930 Curtium
759 2894 841 2929 lv.
873 2885 922 2929 3.
962 2882 1096 2944 §22
1132 2890 1186 2932 et
1218 2885 1464 2947 Lactaut.

401 2956 588 3006 Diviu.
611 2957 744 3006 Inst.
766 2961 915 3005 ms..
963 2958 1136 3021 Igitur
1161 2960 1259 3009 nisi
1284 2976 1315 3009 a
1344 2951 1463 3025 pos-

400 3032 585 3081 teriori
603 3046 756 3082 manu
773 3034 853 3082 hoe
879 3032 996 3084 duae
1024 3049 1174 3086 voces
1211 3036 1462 3101 profectae

403 3108 531 3172 s'int,
553 3111 745 3174 quantis
768 3111 990 3175 positum
1024 3115 1126 3164 erit
1151 3130 1245 3178 pro
1280 3117 1464 3181 ‘quam

390 3186 635 3247 ,sutiltist'
670 3196 727 3237 ut
764 3186 901 3239 infra
924 3190 1068 3252 Epit.
1092 3205 1208 3254 cap.
1234 3184 1328 3242 iv.
1363 3195 1390 3257 ς
1413 3198 1467 3243 6.
1490 3210 1497 3219 ‘

403 3263 420 3292 ‘
444 3263 532 3312 Ne
568 3262 610 3309 si
652 3263 1235 3329 plures-reperirentur,
1256 3269 1464 3332 quantis

402 3339 524 3389 odio
538 3347 697 3400 esset,
719 3341 1140 3405 intelligeretur!
1187 3344 1463 3396 Quomodo

402 3422 458 3465 et
478 3416 587 3466 alii.
656 3416 911 3478 Vegetius
937 3418 1000 3466 de
1026 3420 1102 3467 Re
1124 3420 1286 3469 Milit.
1310 3434 1396 3471 nt.
1412 3428 1465 3473 6.

399 3494 418 3522 ‘
434 3492 708 3555 Signorum
734 3495 1050 3545 militarium
1092 3504 1287 3561 quanta
1314 3506 1317 3509 '
1343 3505 1465 3548 sunt

404 3584 595 3632 genera
616 3569 652 3619 :'
708 3570 785 3619 sic
824 3572 959 3620 enim
998 3578 1080 3621 est
1119 3574 1170 3621 in
1207 3574 1310 3623 Ms.
1347 3575 1464 3624 Ste-

406 3645 628 3706 wechii3
651 3645 842 3712 etpod.
862 3645 954 3695 lib.
977 3662 1096 3710 cap.
1121 3652 1172 3697 9.
1203 3649 1219 3677 4
1236 3649 1464 3712 Integris
1490 3664 1494 3671 ’

401 3724 510 3772 suis
555 3730 777 3787 quantos
822 3724 1024 3787 possint
1072 3724 1245 3774 hostes
1282 3727 1467 3776 interi·

400 3799 586 3849 mant.'
649 3800 835 3863 Dictys
858 3801 1002 3849 Cret.
1026 3801 1091 3850 de
1110 3802 1244 3871 35:1¹.
1260 3802 1403 3866 Troj.
1423 3816 1464 3854 1.

400 3880 451 3925 6:
484 3876 500 3903 4
521 3876 744 3928 Quantis
763 3877 1067 3925 mortalibus
1089 3885 1193 3926 tam
1214 3887 1363 3929 atrox
1388 3879 1465 3929 fa-

401 3953 550 4002 cinus
588 3951 996 4013 indignationem
1036 3954 1299 4004 incuteret
1319 3955 1354 4005 z'
1378 3956 1464 4007 ubi

398 4030 532 4079 hauc
556 4033 698 4080 vocis
719 4030 1150 4094 significationem
1175 4047 1274 4085 non
1294 4035 1466 4097 capie-

399 4105 494 4154 bat
516 4103 839 4156 feminarum
879 4107 1062 4164 decus,
1103 4124 1219 4159 cum
1259 4112 1465 4161 omnino

401 4188 629 4246 quantem
651 4184 925 4248 legendum
940 4200 1052 4235 esse
1079 4187 1467 4249 pronunciaret.

403 4258 617 4309 Latinus
634 4259 863 4310 Pacatus
885 4260 937 4309 in
955 4261 1156 4325 Paneg.
1174 4277 1220 4312 c.
1238 4275 1415 4313 xnvu.
1437 4265 1465 4327 ξ

1098 439 1318 489 No'rAE
1367 437 1779 488 vsutoRUM
1829 439 1912 488 m

1546 588 1597 632 6.
1610 590 1625 612 ‘
1636 584 1859 637 Quantis
1873 585 2193 648 stupentium
2214 582 2437 648 populis,
2452 599 2607 650 quam

1545 661 1711 709 multo
1724 660 2088 710 circumdabor
2103 662 2342 709 auditore
2364 660 2399 710 :'
2420 668 2475 710 et
2493 661 2609 710 Ma·

1544 736 1702 785 uilius
1738 735 1881 785 Astr.
1918 749 2016 787 nu·
2041 741 2159 787 285.
2190 738 2206 765 4
2228 737 2514 800 Tertiaqne
2552 738 2607 785 in
2633 750 2640 777 τ

1544 822 1762 878 quantas
1787 822 1964 880 partes
1988 814 2254 864 inducitur
2275 813 2419 879 ejus.’
2474 815 2608 865 Con·

1544 892 1788 942 sulendus
1812 891 2059 942 Bar-thius
2079 890 2144 940 ad
2160 891 2433 940 Claudiau.
2452 891 2617 940 Cous.

1543 968 1747 1019 Honor.
1784 974 1877 1018 ui.
1915 973 2033 1019 116.
2068 969 2251 1017 Wasse
2282 968 2355 1017 ad
2395 968 2612 1017 Sallust.

1541 1045 1679 1096 Bell.
1699 1045 1827 1108 Jug.
1861 1059 1908 1094 c.
1935 1057 2094 1093 κων.
2131 1059 2182 1107 p.
2208 1048 2323 1094 347.
2357 1043 2609 1094 Weitzius

1543 1120 1609 1170 ad
1650 1122 1883 1171 Salviau.
1919 1120 1988 1169 de
2018 1119 2164 1170 Gub.
2194 1119 2298 1169 Dei
2335 1132 2424 1168 nt.
2462 1133 2512 1182 p.
2536 1133 2606 1169 m.

1543 1201 1659 1247 194.
1694 1204 1751 1246 et
1784 1196 2020 1246 Broukh.
2057 1195 2120 1245 ad
2159 1194 2493 1259 Prop.Eleg.
2516 1195 2609 1245 lib.

1547 1285 1590 1322 r.
1610 1274 1678 1323 el.
1702 1278 1751 1322 5.
1778 1288 1851 1322 vs.
1877 1277 2036 1322 lo.et
2057 1273 2123 1323 el.
2144 1276 2224 1321 12.
2244 1286 2319 1322 vs.
2338 1274 2390 1320 4.
2430 1273 2608 1323 Quare

1543 1364 1646 1400 non
1671 1349 1919 1400 debemus
1942 1349 2010 1399 ad
2038 1349 2266 1399 infimam
2305 1363 2421 1399 cum
2444 1347 2611 1399 Junc-

1542 1427 1671 1477 kero
1688 1428 2027 1497 Latinitatem
2043 1428 2192 1490 hujus
2206 1425 2442 1477 vocabuli
2461 1438 2608 1473 usum

1545 1505 1843 1554 detrudere.
1908 1503 2044 1553 Vide
2068 1504 2180 1568 ejus
2203 1500 2408 1567 praefat.
2433 1500 2483 1550 in
2502 1500 2609 1548 Au-

1545 1583 1639 1631 rel.
1705 1582 1761 1631 Si
1798 1589 1970 1630 tamen
2006 1580 2199 1643 aliquis
2239 1578 2389 1627 malit
2431 1578 2605 1640 legere

1543 1658 1699 1707 nescio
1716 1662 1965 1721 quatenus,
1992 1669 2083 1719 per
2108 1670 2189 1704 me
2207 1654 2331 1704 licet
2350 1669 2366 1715 ;
2383 1653 2471 1702 sed
2497 1663 2607 1702 tum

1545 1732 1631 1782 vix
1654 1732 1857 1796 dubito,
1879 1733 2001 1796 quin
2043 1747 2074 1779 a
2112 1732 2411 1793 glossatoris
2432 1744 2608 1790 manu,

1543 1812 1631 1875 qui
1655 1811 1748 1860 has
1763 1811 2025 1860 hominum
2048 1809 2272 1873 ineptias
2297 1808 2521 1869 ridebat,
2540 1823 2608 1856 ex

1542 1888 1778 1951 margine
1801 1887 1854 1936 in
1882 1895 2084 1938 textum
2119 1885 2445 1950 irrepserint.
2479 1886 2608 1934 Am·

1543 1965 1742 2015 laenius.
2109 1998 2120 2012 .
2335 2005 2340 2017 ,

1608 2042 1637 2104 §
1677 2045 1710 2090 4
1766 2038 1903 2090 'Inter
1937 2038 2120 2102 Iulum]
2179 2037 2328 2088 Idem
2362 2038 2607 2101 Dionysi-

1543 2131 1623 2166 us.
1656 2117 1822 2167 Anna.
1891 2117 1966 2166 Et
2000 2115 2188 2165 Festus
2226 2115 2278 2163 in
2313 2129 2363 2162 v.
2395 2111 2612 2163 ‘Silviis

1540 2191 1721 2242 Arntz.
2365 2194 2369 2201 '
2651 2242 2674 2268 ι

1618 2269 1734 2328 Eius
1754 2266 1850 2331 rei]
1885 2267 2089 2316 Deesse
2113 2260 2343 2316 dativum
2358 2264 2503 2328 plebi,
2526 2267 2610 2314 vel

1540 2345 1796 2400 nubilibus,
1817 2345 2037 2392 adnotat
2065 2344 2313 2393 Schottns
2357 2343 2408 2391 in
2443 2357 2608 2405 marg.

1548 2423 1763 2485 Dionys·
1793 2419 1915 2484 Hal.
1935 2433 2052 2468 LVI.
2075 2425 2159 2469 42.
2192 2418 2282 2468 τοῦ
2304 2416 2453 2479 δήμου
2475 2417 2537 2482 (i.
2560 2432 2611 2467 e.

1538 2500 1707 2563 populi
1744 2513 1837 2547 seu
1877 2494 2052 2561 plebis)
2086 2493 2343 2556 suffragiis
2381 2494 2638 2543 decisam·

1541 2577 1684 2625 litem
1713 2573 1901 2624 refert.
1942 2572 2174 2637 Sylburg.
2239 2571 2378 2623 Quid
2403 2571 2444 2619 si
2469 2572 2609 2632 lege-

1543 2652 1667 2700 res?
1710 2651 1948 2713 permissa
1987 2647 2332 2712 disceptatione
2365 2647 2476 2709 rjus
2517 2649 2616 2711 ple·

1542 2728 1609 2778 bi.
1638 2727 1826 2778 Arntz.

1598 2808 1628 2870 ς
1652 2810 1685 2855 6
1723 2804 1941 2854 Colonia*
1979 2803 2218 2867 deducta]
2272 2803 2377 2856 Qui
2418 2803 2434 2830 ‘
2458 2802 2610 2866 prisci

1541 2881 1752 2933 Latini’
1785 2881 1916 2931 dicti
1937 2888 2079 2944 sunt,
2102 2881 2270 2945 inquit
2293 2880 2503 2930 Livius:
2540 2880 2608 2929 de

1542 2951 1817 3007 Praeneste
1842 2965 1900 3007 et
1930 2958 2173 3007 Pometia
2212 2957 2321 3006 dixi
2361 2957 2416 3006 iu
2452 2956 2609 3007 Notis

1540 3035 1609 3084 de
1631 3035 1747 3083 Vir.
1771 3035 1941 3084 Illust.
1979 3033 2163 3084 Schott.

1625 3112 1858 3175 Camena]
1924 3112 2061 3161 Vide
2126 3110 2385 3161 Ortelinm
2451 3110 2610 3160 Thes.

1544 3189 1742 3252 Geogr.
1764 3190 1860 3238 hac
1884 3202 2032 3238 voce.
2097 3188 2198 3237 Sed
2228 3204 2344 3238 cum
2368 3187 2454 3237 hic
2477 3202 2610 3251 prae-

1538 3267 1720 3314 sertim
1744 3264 1898 3313 urbes
1925 3264 2062 3314 Latii
2085 3271 2458 3320 memorentur,
2483 3264 2611 3313 levi-

1543 3342 1622 3390 ori
1635 3343 1926 3390 mutatione
1946 3355 2045 3403 ego
2068 3340 2348 3388 scriberem
2366 3341 2610 3404 Cameria,

1539 3435 1692 3484 quam
1740 3419 1920 3468 urbem
1947 3419 2139 3467 veteris
2170 3419 2302 3467 Latii
2324 3416 2482 3468 fuisse
2508 3427 2610 3468 tes·

1541 3497 1608 3545 tis
1635 3503 1717 3543 est
1749 3496 1863 3544 Liv.
1888 3508 1929 3543 1.
1952 3499 2034 3544 38.
2064 3496 2080 3523 4
2103 3495 2237 3544 Inde
2261 3495 2443 3558 priscis
2467 3496 2632 3545 Lati--

1540 3571 1615 3620 nis
1639 3571 1829 3621 bellum
1854 3569 2003 3620 fecit.
2054 3568 2155 3619 ·Ad
2182 3570 2388 3633 singula
2410 3570 2609 3633 oppida
2634 3589 2639 3613 z

1541 3647 1954 3699 circumferendo
1974 3661 2113 3696 arma
2130 3661 2317 3696 nomen
2337 3661 2489 3696 omne
2507 3648 2610 3697 La-

1542 3724 1708 3775 tinum
1733 3724 1950 3781 domuit,
1974 3724 2329 3781 Corniculum,
2357 3723 2611 3775 Ficulnea
2632 3746 2637 3759 ·

1539 3810 1714 3863 vetus,
1743 3802 2005 3860 Cameria,
2026 3799 2485 3852 Crustumerium?
2518 3801 2610 3852 ubi

1541 3894 1657 3929 cum
1683 3877 1863 3926 eadem
1882 3878 2033 3939 urbe,
2048 3892 2272 3941 quacum
2291 3877 2455 3927 hocin
2476 3877 2611 3939 loco,

1533 3954 1799 4019 jungitur.
1864 3954 1960 4004 Cui
2016 3953 2090 4002 rei
2146 3952 2374 4013 accedit,
2428 3953 2611 4004 urbem

1541 4031 1557 4058 4
1575 4028 1903 4093 cameriam,'
1955 4036 2018 4078 ut
2057 4029 2187 4090 dixi,
2211 4026 2393 4077 =fuisse
2453 4029 2614 4093 prisci

1540 4108 1680 4158 Latii
1702 4124 1719 4171 ;
1744 4108 1857 4171 jam
1903 4121 2084 4156 omnes
2126 4106 2366 4157 colonias·
2397 4107 2465 4158 ab
2519 4108 2613 4157 illo

1540 4185 1721 4248 Sylvio
1755 4184 2011 4233 deductas
2034 4183 2233 4247 priscos
2255 4183 2470 4234 Latinos
2493 4199 2611 4235 esse

1542 4262 1833 4329 appellatas
1873 4259 2052 4325 prodit
2091 4258 2230 4311 idem
2255 4259 2451 4311 Livius
2485 4274 2526 4309 ι.
2560 4263 2614 4311 3.
