3025 4934
694 409 982 459 Anum..
1017 410 1214 460 vic'r.
1249 410 1664 473 amonim,
1713 411 1878 462 cn.
1924 411 2037 460 xl.

307 552 570 617 Deductus]
605 552 742 604 Vide
766 570 881 619 qnae
914 554 1058 605 dicta
1088 562 1208 604 sunt
1231 554 1311 603 ad-

243 632 492 686 Gaesares,
511 631 602 681 ubi
613 631 678 681 de
694 632 790 681 boc
805 634 917 681 loco
931 633 1097 681 latius.
1109 632 1292 682 Arna.

309 707 565 774 Vesuvius]
602 708 758 757 Varie
779 710 1074 772 appellatur
1095 715 1151 758 et
1171 708 1297 758 scri·

241 783 379 833 bitur
402 798 549 833 mons
570 785 656 833 ille
680 785 839 834 Plinii
863 785 1104 834 avunculi
1128 792 1296 834 morte

239 864 293 908 et
323 858 563 909 incendio
596 859 800 909 nobilis.
873 859 1106 910 Vesubius
1134 861 1296 922 scrip·

239 943 344 984 tum
375 934 569 985 habent
601 934 755 986 codd.
789 929 976 999 quibus
1013 950 1134 984 usus
1165 949 1298 997 sum,

236 1014 431 1061 calamo
462 1012 682 1075 exarati,
703 1021 760 1062 et
789 1010 1051 1077 frequenti
1073 1025 1296 1062 commu·

238 1089 434 1138 tatione
457 1089 487 1137 b
508 1096 564 1138 et
584 1104 649 1145 u,-
683 1094 740 1138 ut
766 1086 1013 1151 Hispanis
1037 1089 1055 1116 ⁴
1082 1102 1265 1137 vonum
1280 1086 1297 1110 '

237 1163 422 1213 bonum
434 1166 591 1225 sapit.
624 1163 748 1212 Vidi
762 1163 852 1228 qui
873 1163 1089 1214 Vesevi„
1101 1161 1195 1213 ve!
1207 1162 1301 1213 Ve-

234 1241 384 1290 sebim
416 1241 724 1291 scriberent.
789 1240 887 1290 Est
920 1228 1058 1301 apu'd
1083 1253 1166 1290 me
1189 1240 1300 1290 vita

238 1316 394 1366 Plinii
414 1316 625 1379 majoris
645 1315 897 1365 Suetonio
919 1314 1175 1378 iuscripta
1196 1316 1300 1365 Ms.

237 1405 299 1439 ex
342 1391 656 1441 bibliotheca
697 1389 911 1453 Pitboei,
948 1391 1033 1441 ubi
1077 1390 1300 1441 Veniam

239 1468 550 1530 appellatum
576 1466 742 1529 video,
766 1468 962 1516 extrita
987 1468 1148 1519 tertia
1169 1484 1202 1517 u
1237 1468 1298 1517 li-

239 1551 381 1593 tera:
404 1545 569 1608 juxta
606 1543 879 1607 Neapolim
914 1550 1014 1600 est,
1048 1544 1114 1593 ad
1152 1560 1297 1595 mare

240 1634 466 1684 vergens.
549 1622 837 1685 Eleganter
869 1621 1166 1672 incendium
1199 1622 1298 1672 boc

238 1694 514 1759 descripsit
549 1695 673 1752 Dio,
692 1695 781 1760 qui
809 1693 1012 1752 Βέσβιον
1043 1697 1297 1759 appellat,

241 1779 297 1823 ut
322 1772 551 1822 Veseontm
582 1771 754 1822 Maro.
821 1772 954 1822 Vide
992 1773 1213 1823 Sueten.
1247 1788 1298 1823 c.

237 1852 284 1897 8.
314 1856 369 1899 et
393 1847 677 1898 Abraltami
698 1847 888 1898 Ortelii
910 1848 1205 1898 amicissimi
1226 1849 1299 1897 ci-

239 1925 312 1974 vis
342 1927 446 1975 mei
476 1925 847 1989 synonymiam
881 1925 1296 1989 geographicam,

238 2011 478 2053 accurate
507 2002 891 2068 diligenterque
914 2002 1296 2055 concinnatam.

236 2078 472 2130 Scaeuam
540 2079 646 2130 Adi
677 2080 908 2145 Dausqu.
945 2080 1013 2131 de
1045 2079 1297 2144 Orthogr.

235 2162 367 2218 part.
392 2170 455 2206 u.
482 2172 540 2221 p.
563 2160 681 2207 829.
713 2157 1001 2207 comment.
1026 2156 1092 2206 ad
1114 2157 1296 2207 Silium

238 2245 341 2287 ιιι.
361 2235 475 2281 152.
509 2239 569 2282 et
606 2232 805 2284 Duker.
829 2232 896 2282 ad
924 2233 1128 2282 Florum
1153 2245 1192 2282 t.
1214 2235 1296 2281 16.

239 2311 265 2372 §
297 2313 347 2356 5.
377 2309 431 2359 ἰιι
465 2308 572 2358 Ms-
601 2308 841 2359 Suetonii
873 2308 1082 2360 invenio
1116 2308 1300 2359 Beln’as

240 2389 292 2433 et
318 2383 563 2434 Verebias.
594 2382 779 2433 Arnta.

298 2464 325 2524 §
362 2464 426 2510 14
467 2459 656 2518 Quibus
675 2461 815 2510 mulis
834 2461 1071 2511 nonnullis
1089 2460 1298 2525 vexatis]

240 2535 321 2584 Sic
357 2546 584 2600 quatuor
618 2537 815 2601 vulgati
854 2537 1044 2587 Gallici
1075 2543 1133 2587 et
1166 2537 1299 2587 Ger·

242 2613 438 2664 manici.
508 2613 707 2663 Veron.
755 2620 811 2664 et
841 2614 970 2664 Mss.
1008 2612 1192 2671 Quibus
1224 2618 1298 2663 ta·

239 2705 341 2739 nea
358 2692 499 2742 mulis
528 2692 658 2742 uallo
677 2695 878 2741 vador
915 2705 1056 2748 vere,
1081 2691 1146 2740 ad
1169 2690 1300 2740 Sue-

240 2767 384 2828 tonii,
419 2767 560 2816 unde
597 2766 867 2831 exscripta
906 2774 1047 2828 sunt,
1078 2781 1302 2816 sensnm.

240 2840 354 2892 Alio
403 2851 752 2907 respexerunt
799 2842 1162 2893 emendatores
1201 2842 1298 2907 illi,

240 2926 327 2967 aut
358 2919 499 2969 aliud
534 2918 781 2983 agebant.
816 2918 1007 2968 δώσει.

303 2994 438 3043 Car.
459 3008 544 3044 ιι.
608 2996 637 3058 §
672 2997 699 3042 1
742 2991 1050 3059 Vespasiani]
1093 2991 1246 3043 Afuit
1268 3008 1300 3042 a

242 3072 458 3134 vulgatis
513 3071 770 3122 omnibus.
848 3069 957 3121 Nos
978 3084 1027 3125 ‚e
1071 3069 1197 3119 Mes.
1241 3076 1300 3120 et

242 3149 533 3200 Veronensi
561 3149 898 3210 reposuimus,
921 3149 1014 3199 nisi
1036 3150 1183 3198 etiam
1204 3163 1300 3210 pro

242 3233 288 3279 et
323 3228 500 3290 legere
540 3227 721 3275 mavis.
788 3226 892 3277 Qui
927 3235 984 3276 et
1018 3225 1300 3286 Donnililloe,

242 3310 299 3358 ut
319 3304 635 3354 Domitianus
656 3317 752 3367 per
787 3306 808 3352 t
835 3303 1071 3352 scribunt
1094 3303 1224 3353 Mas.
1244 3312 1300 3352 et

241 3381 380 3430 numi
415 3381 505 3446 qui
538 3386 659 3430 sunt
690 3379 906 3444 Augerii
930 3380 1209 3444 Busbequii
1232 3380 1299 3430 V.

245 3457 304 3506 C.
338 3457 466 3507 editi
500 3457 616 3507 libri
637 3456 924 3507 Domicilloe.
990 3454 1137 3506 Infra
1170 3456 1297 3505 illud

241 3535 314 3582 νει
344 3540 496 3598 cepta
525 3535 734 3597 requiro
757 3535 809 3582 in
832 3533 1122 3584 Veronensi
1147 3533 1300 3596 libro,

246 3619 301 3660 et
330 3620 480 3662 certe
516 3611 699 3660 abesse
735 3616 924 3673 potest,
963 3616 1021 3660 ut
1054 3615 1200 3674 patet
1235 3623 1300 3658 ex

245 3685 493 3743 Suetonio
517 3701 566 3736 c.
587 3693 635 3736 5.
667 3685 853 3736 Scholl.

308 3764 336 3825 ξ
369 3767 401 3812 2
437 3762 587 3814 Domi
624 3763 850 3826 bellique]
889 3760 1024 3813 Edd.
1056 3761 1167 3813 fere
1198 3762 1301 3811 dis·

248 3839 486 3900 tinguunt
521 3840 668 3894 iners,
695 3839 821 3888 domi
857 3838 1081 3901 bellique.-
1120 3839 1301 3887 melius

250 3922 420 3964 tamen
444 3915 610 3964 Aldus
636 3914 766 3963 iners
783 3914 929 3977 domi,
949 3915 1144 3979 bellique
1159 3930 1176 3963 .-
1206 3915 1303 3968 sed

247 3989 300 4038 in
321 3990 532 4039 alterius
551 3989 777 4040 Victoris
798 3990 1072 4040 lectionem
1095 3991 1301 4053 conspi-

251 4076 365 4113 rant
380 4079 557 4115 omnes
573 4066 703 4116 Μαι.
722 4065 927 4130 belloque
947 4064 1305 4130 praeferentes,

251 4154 379 4201 quos
421 4156 534 4190 snm
575 4149 817 4204 secutum
865 4144 1054 4193 certior
1095 4144 1301 4194 interim

252 4217 627 4278 praeferendam
642 4234 759 4270 esse
772 4220 988 4272 aliarum
1002 4220 1123 4272 edd.
1139 4221 1301 4281 scrip-

378 4298 556 4361 Deva.
579 4306 627 4348 et
658 4299 773 4352 Var-
798 4301 930 4352 Clas.

1182 4306 1193 4313 ’
1208 4301 1374 4353 Aurel·
1406 4301 1533 4352 Vict.

2307 397 2456 462 801·

1378 562 1565 614 turam,
1582 554 1623 603 si
1642 554 1735 604 illa
1756 569 1787 603 a
1808 552 1963 605 codd.
1983 552 2296 605 firmaretur.
2334 556 2438 606 Eu-

1378 632 1582 693 tropius
1607 645 1733 680 vm.
1753 636 1803 679 5.
1838 633 1855 660 ‘
1879 632 2011 680 Post
2046 632 2308 694 ingentem
2340 632 2438 697 igi-

1379 713 1464 753 tur
1485 707 1701 770 gloriam
1727 707 1846 757 belli
1868 706 2111 771 domique
2133 707 2441 772 quaesitam?

1378 784 1565 847 Dictys
1616 784 1882 835 Cretensis
1928 785 2067 835 Belli
2113 786 2256 849 Troj.
2303 801 2344 836 1.
2388 791 2439 835 5.

1376 866 1397 888 ‘
1415 859 1577 923 Cujus
1598 860 1820 911 maxime
1842 862 1895 911 iu
1928 876 1990 910 ea
2012 868 2325 926 tempestate
2345 863 2441 913 do·

1376 937 1443 985 mi
1492 937 1718 1002 bellique
1761 938 2030 988 consilium
2069 938 2263 989 valuit?
2329 939 2440 1003 Ap-

1376 1014 1581 1076 puleius
1606 1015 1658 1063 in
1683 1013 1876 1064 Florid.
1902 1030 1953 1078 p.
1976 1018 2090 1065 844.
2139 1014 2156 1043 ‘
2175 1015 2440 1066 Proeclare

1376 1090 1521 1139 edita
1543 1089 1847 1153 fatigaberis
1868 1090 2188 1147 admirando,
2208 1093 2290 1141 vel
2313 1091 2440 1141 belli

1379 1179 1519 1222 ausa,
1544 1165 1627 1215 vel
1643 1166 1780 1215 domi
1804 1164 2046 1228 provisa-⁹
2102 1167 2439 1230 Symmachus

1376 1243 1548 1305 Epist.
1571 1257 1612 1292 ι.
1632 1246 1715 1293 43.
1750 1244 1767 1272 ‘
1788 1244 1958 1294 Nemo
1979 1243 2114 1294 enim
2141 1245 2260 1293 belli
2285 1251 2439 1294 notus

1377 1327 1467 1369 aut
1508 1319 1649 1369 domi
1706 1320 1877 1370 clarus
1921 1330 2179 1371 exsortem
2238 1322 2439 1397 premii

1375 1399 1542 1445 sensit
1584 1396 1929 1447 industriam!
1993 1398 2262 1460 copiosius
2304 1399 2441 1448 hanc

1377 1474 1648 1524 formulam
1706 1473 1988 1523 vindicavit
2059 1474 2305 1524 Heinsius
2372 1475 2441 1524 ad

1380 1551 1544 1602 Ovid.
1582 1552 1719 1600 Met.
1768 1542 1873 1600 ιιι.
1911 1554 2023 1599 185.
2066 1558 2122 1600 et
2160 1556 2279 1614 post
2320 1565 2442 1599 eum

1378 1627 1682 1677 Perizonius
1706 1626 1771 1675 ad
1794 1626 1975 1675 Sauct.
1997 1638 2072 1674 w.
2092 1629 2142 1675 4.
2177 1633 2303 1674 nota
2326 1630 2441 1676 128.

1378 1709 1434 1751 et
1456 1702 1668 1752 Cortius
1691 1701 1758 1752 ad
1779 1702 1992 1751 Sallust·
2013 1701 2136 1764 Jug.
2160 1716 2206 1751 c.
2227 1705 2312 1751 41.
2340 1702 2369 1766 §
2390 1706 2441 1750 7.

1377 1784 1433 1828 et
1455 1792 1500 1827 c.
1523 1782 1603 1827 53.
1623 1781 1652 1843 §
1676 1781 1728 1827 2.
1760 1777 1937 1827 Aratz.

1442 1855 1472 1916 ξ
1493 1857 1527 1903 4
1549 1852 1778 1903 Incendio
1792 1850 2084 1913 consumtus]
2106 1851 2320 1900 Tralata
2338 1850 2439 1901 buc

1342 1960 1365 1979 ·.
1378 1928 1443 1978 ad
1468 1928 1683 1979 verbum
1702 1943 1768 1977 ex
1784 1929 2002 1978 Sueton.
2016 1941 2065 1978 c.
2082 1931 2163 1977 2⁰.
2179 1927 2276 1975 nisi
2297 1927 2438 1991 quod

1375 2006 1647 2069 absumptus
1666 2005 1840 2068 habet,
1866 2004 2068 2055 melius.
2134 2003 2309 2069 Atque
2331 2003 2441 2053 bel·

1378 2081 1430 2131 lo
1451 2080 1808 2131 Alexandrino
1833 2079 2147 2130 bibliotheca
2168 2094 2232 2129 ea
2249 2077 2443 2128 confla·

1379 2167 1584 2222 grarat:
1621 2157 1877 2223 quomodo
1901 2170 2024 2218 ergo
2060 2155 2181 2206 iude
2215 2157 2356 2206 allati
2378 2156 2442 2206 li·

1378 2237 1495 2286 bri?
1561 2236 1823 2287 Sustinen-
1868 2235 2111 2285 Samum.
2191 2234 2294 2285 Sed
2327 2236 2443 2284 haec

1377 2313 1695 2364 bibliotheca
1718 2320 1903 2377 postea
1932 2313 2220 2363 instaurata
2241 2312 2342 2364 fuit
2364 2314 2442 2363 in·

1374 2391 1567 2441 stinctu
1600 2390 1918 2453 Cleopatrae,
1952 2389 2219 2452 inpetrata
2242 2389 2309 2438 ab
2333 2390 2442 2440 An·

1375 2465 1520 2515 tonio
1564 2464 1877 2514 bibliotheca
1920 2463 2266 2526 Pergamena,
2306 2465 2442 2513 adeo

1373 2541 1462 2590 illa
1499 2540 1683 2590 alienis
1719 2548 1776 2588 et
1814 2539 1962 2590 libris
1998 2547 2055 2590 et
2091 2540 2267 2590 liberis
2290 2555 2440 2590 suum

1373 2617 1522 2666 auxit
1543 2616 1820 2679 inperium.
1873 2615 2011 2664 Vide
2035 2615 2265 2679 Lipsium
2286 2616 2440 2680 Synt.

1376 2693 1441 2742 de
1461 2693 1715 2743 Biblioth.
1740 2707 1896 2756 capp.
1918 2697 1969 2744 2.
1988 2701 2045 2742 et
2067 2696 2119 2743 7.
2145 2693 2443 2744 Falsternm

1376 2771 1579 2821 Quaest.
1615 2770 1764 2819 Rom.
1796 2770 1887 2819 lib.
1920 2783 1984 2818 ιι.
2024 2784 2179 2834 capp.
2215 2773 2266 2820 2.
2303 2779 2360 2820 et
2392 2776 2445 2821 4.

1375 2854 1430 2896 et
1451 2845 1663 2895 Salden.
1685 2843 1754 2894 de
1777 2845 1888 2895 Usu
1912 2844 2055 2895 Libr.
2079 2845 2169 2895 lib.
2187 2859 2226 2895 ι.
2252 2860 2369 2910 cap.
2388 2851 2442 2897 2.

1375 2922 1551 2972 Arulz.

1440 3000 1469 3059 θ
1491 3002 1523 3046 5
1556 2996 1886 3060 Sagittarum]
1920 2995 2117 3046 Rursus
2141 3010 2171 3044 a
2191 2995 2440 3045 Suetonio

1374 3080 1457 3125 est
1477 3089 1526 3122 c.
1545 3078 1627 3123 19.
1650 3073 1737 3138 qui
1760 3079 1935 3123 tamen
1966 3072 2104 3136 paeri
2135 3072 2315 3132 habet,
2335 3086 2440 3121 non

1372 3153 1486 3201 oiri.
1550 3152 1848 3202 Pronomen
1902 3149 2007 3209 <ius
2047 3148 2314 3211 ‚adscripsi
2370 3163 2438 3198 ex

1373 3229 1681 3278 Veronensi.
1749 3227 1897 3276 Idem
1940 3225 2008 3274 de
2046 3225 2249 3274 amvitia
2282 3240 2439 3289 capp.

1377 3309 1458 3354 10.
1476 3310 1532 3354 et
1555 3309 1637 3354 11.
1686 3304 1754 3353 Τὸ
1773 3302 1981 3352 σωάἱῠιιε
2004 3300 2139 3351 afuit
2165 3302 2231 3351 ab
2253 3302 2439 3352 eodem

1374 3383 1679 3432 Veronensi.
1712 3382 1955 3432 Scholtus.
2026 3379 2143 3429 Hoc
2164 3394 2293 3429 vero
2322 3381 2444 3429 loco

1372 3462 1610 3521 sagittare
1632 3459 1779 3509 Leid.
1805 3463 1856 3508 2.
1883 3459 1970 3520 qui
1993 3470 2138 3507 error
2171 3459 2250 3507 vel
2287 3465 2440 3508 natus

1375 3545 1454 3584 est
1476 3551 1541 3601 ex
1573 3544 1697 3585 nota
1730 3535 2077 3598 librariorum,
2108 3548 2209 3598 qua
2249 3535 2300 3584 in
2334 3533 2439 3584 fine

1376 3613 1514 3662 vocis
1541 3611 1695 3662 facile
1727 3626 1807 3660 um
1830 3617 1884 3660 et
1918 3627 1945 3661 e
1981 3608 2335 3666 confunditur,
2357 3611 2439 3660 vel

1374 3687 1509 3753 quod
1534 3688 1854 3737 existimaret
1876 3688 2026 3736 bomo
2056 3686 2238 3746 bouus,
2271 3685 2441 3734 miuus

1375 3770 1523 3814 recte
1542 3765 1730 3813 doctum
1752 3778 1869 3813 cum
1893 3760 2138 3827 giguendi
2169 3776 2289 3810 casu
2314 3762 2442 3824 jun-

1374 3839 1445 3901 gi.
1500 3838 1567 3887 de
1622 3853 1723 3903 qua
1784 3838 2172 3888 constructione
2223 3848 2439 3898 maguus

1373 3917 1645 3967 Bentleius
1689 3917 1753 3965 ad
1799 3915 1988 3966 H'orat.
2024 3915 2132 3965 od.
2174 3928 2260 3964 ut.
2302 3919 2353 3964 8.
2387 3919 2439 3963 5.

1375 3991 1692 4041 Claudianus
1724 3992 1777 4041 in
1812 3990 2034 4053 Eutrop.
2058 4002 2118 4039 ιι.
2143 3993 2258 4041 881.
2289 3990 2307 4017 ⁴
2326 3983 2440 4038 Ab*-

1375 4069 1576 4118 undans
1606 4068 1869 4132 Corporis‚
1905 4066 2225 4130 exiguusque
2260 4066 2438 4128 animi,

1375 4144 1709 4196 doctissimus
1732 4144 1860 4195 artis
1880 4142 2152 4195 Quondam
2177 4140 2437 4194 lenificat?

1375 4220 1553 4270 Arulz.

2198 4299 2309 4349 BE
