3025 4934
569 363 707 432 ‘722

638 522 1055 586 Philosophorum]
1089 522 1327 572 Fortasse
1357 520 1632 585 legendum

573 601 970 665 Philosophorum
994 599 1134 650 turbu
1160 599 1634 660 circumfunderetur,

570 678 926 738 obtestantium,
941 692 1003 726 ne
1022 691 1073 726 se
1094 677 1259 739 exped.
1322 678 1442 729 Qua
1473 675 1541 725 de
1574 689 1632 725 re

569 754 681 802 vise
703 754 996 803 Vulcatium
1021 752 1344 802 Gallicanum
1366 752 1419 800 iu
1440 751 1631 801 Avidio

571 827 768 878 Cassio.
801 828 1035 894 δμώων-ς.
1100 828 1253 878 Nove
1289 827 1501 888 dictum,
1535 842 1630 892 pro

568 911 585 958 ‘.
602 903 1100 954 circumfunderetur
1125 905 1437 968 philosophis
1453 906 1630 954 obtes-

567 980 856 1032 tantibusz'
889 982 1111 1044 ideoque
1146 984 1479 1033 casaubonus
1510 995 1643 1048 nos·x

567 1066 652 1107 ter
669 1058 982 1108 emendabat
996 1059 1334 1108 &montium
1357 1060 1407 1108 cs·
1430 1059 1627 1108 circuns-

552 1134 860 1196 suuderetur.
902 1136 1123 1186 Gruter.
1198 1137 1449 1199 Reperies
1490 1137 1626 1186 hanc

566 1211 862 1262 Casauboni
893 1209 1245 1276 conjecturam
1261 1227 1384 1277 cap.
1407 1217 1455 1262 3.
1491 1212 1626 1262 Aru·

564 1290 764 1338 taetrius.

630 1366 715 1428 §o
748 1364 830 1414 na
858 1365 1042 1415 incerta
1072 1365 1183 1415 bene·
1204 1365 1302 1425 <5⁸⁸
1320 1366 1492 1426 mute,
1510 1359 1645 1416 aaa:

561 1441 706 1490 trinoe
722 1441 899 1491 studiis
917 1442 1266 1506 metuebantur]
1290 1442 1388 1491 Vel
1410 1442 1519 1491 belli
1537 1457 1619 1491 su·

561 1517 719 1567 mitur
763 1517 1153 1574 adverbialiter,
1187 1517 1620 1582 quemadmodum

519 1644 529 1653 ,
556 1585 840 1655 usurpatur
862 1595 1053 1646 Plauto
1076 1608 1137 1643 ac
1158 1594 1420 1656 Sallustio,
1443 1603 1535 1643 ant
1557 1609 1621 1644 ea

558 1685 657 1721 vox
682 1671 904 1722 delenda
920 1688 937 1721 ε
974 1677 1030 1722 at
1052 1671 1188 1722 idem
1212 1673 1406 1721 amicus
1426 1678 1619 1728 noster,

557 1762 760 1799 rursum
797 1749 1022 1799 immissa
1059 1750 1446 1813 prepositione,
1477 1750 1617 1812 lege·

556 1823 651 1874 bat
693 1824 819 1879 belli,
854 1825 908 1873 iu
944 1825 1044 1885 <ius
1082 1826 1235 1875 salute
1273 1826 1618 1876 metuebantur.

533 1899 712 1954 ,Grnt.
776 1902 1052 1951 Salmasius
1078 1903 1141 1951 ad
1167 1904 1320 1952 Vulc.
1339 1904 1479 1953 Gall.
1501 1919 1620 1967 cap.

554 1981 605 2026 8.
625 1976 727 2037 <ius
755 1979 911 2028 salute
941 1981 1155 2041 exponit
1191 1983 1315 2041 ‘per
1347 1981 1457 2044 ejus
1482 1981 1617 2029 salu-

461 2085 470 2095 ·
557 2053 722 2114 tem3'
753 2055 901 2118 cujus
939 2055 1098 2116 salus,
1134 2055 1384 2105 doctrinas
1423 2057 1614 2106 studio·

554 2144 670 2178 rum
693 2132 831 2179 salus
854 2146 965 2181 esse
995 2132 1394 2181 existimabatur
1415 2132 1483 2181 ab
1505 2147 1616 2183 om·

554 2206 732 2268 nibus;
767 2207 849 2256 vel
884 2207 1127 2258 rescribit
1144 2206 1247 2267 ejus
1275 2210 1422 2258 soluti
1442 2214 1487 2258 et
1504 2212 1612 2259 doc·

553 2282 790 2334 trs'norum
809 2283 988 2332 stadiis
1007 2284 1332 2333 metuebantur
1350 2299 1370 2342 ,⁰
1403 2283 1452 2331 id
1476 2284 1614 2350 quod

552 2358 653 2405 hoc
679 2349 804 2407 'loco
836 2367 1019 2408 secuta
1053 2367 1133 2408 est
1165 2359 1380 2409 doctiss.
1402 2358 1612 2411 femina.

552 2431 716 2495 [Vide
760 2434 889 2483 Not.
923 2435 1149 2499 Delph.]
1215 2437 1329 2500 Ego
1370 2444 1495 2499 puto
1534 2451 1613 2488 re·

551 2518 757 2571 ceptam
779 2511 1055 2561 lectionem
1068 2526 1183 2565 cnm
1197 2512 1445 2561 Salmasio
1462 2527 1613 2577 posse

551 2587 764 2635 retineri
803 2596 861 2637 et
895 2590 1106 2651 exponi,
1142 2589 1268 2638 licet
1304 2589 1485 2639 durius
1528 2590 1612 2639 sit.

549 2662 654 2711 Sed
701 2665 825 2713 talia
865 2665 1005 2729 apud
1057 2673 1322 2715 auctorem
1373 2674 1612 2717 nostrum

550 2738 713 2787 multa
729 2748 872 2790 sunt.
903 2741 1078 2790 Arntz.

609 2819 643 2882 ς
682 2821 745 2868 10
803 2817 1277 2883 Ῡαάἰιιιοπίονιιηιφιι
1311 2820 1498 2869 solenni
1535 2834 1609 2871 re·

548 2895 690 2959 moti]
723 2894 810 2945 An
830 2898 1028 2946 sollerti&
1047 2912 1175 2947 more
1195 2897 1532 2950 denuntiando
1551 2900 1610 2947 li·

546 2970 652 3020 tis?
683 2985 748 3020 an
773 2971 972 3022 sollenat·
998 2988 1126 3023 more
1158 2981 1355 3037 remoto,
1387 2976 1610 3025 denunti·

546 3050 685 3098 andoe
713 3050 855 3098 titis?
893 3051 1155 3106 Sustinen-
1186 3050 1375 3100 Sekott.
1439 3051 1610 3115 Lege·

545 3124 643 3173 rim
678 3126 857 3174 littera
890 3126 1044 3177 unica
1073 3134 1271 3177 mutata
1294 3126 1503 3176 sollemni
1532 3141 1608 3177 re-

542 3205 684 3250 moto.
718 3201 873 3251 Grut-
937 3202 1329 3264 Simplicissima
1349 3203 1504 3253 lectio
1526 3208 1609 3252 est

544 3277 636 3325 illa
658 3276 876 3326 Gruteri
902 3286 956 3327 et
979 3278 1120 3327 haud
1141 3278 1298 3328 dubie
1318 3293 1459 3335 vero,
1491 3294 1606 3343 quas

544 3352 708 3400 etiam
741 3352 1003 3402 sententia
1037 3359 1119 3401 est
1157 3354 1330 3417 magni
1364 3352 1605 3404 Gotbofr.

544 3427 669 3476 adl.
694 3441 733 3477 ι.
767 3427 899 3477 Cod.
937 3429 1136 3478 Theod.
1170 3429 1238 3477 de
1276 3429 1516 3480 Denunc.
1548 3436 1605 3480 et

546 3503 689 3553 Edit.
709 3505 867 3555 Resc.
891 3512 946 3557 et
966 3507 1195 3556 Marcilii
1217 3507 1281 3555 ad
1304 3510 1332 3572 ξ
1358 3512 1438 3557 16.
1473 3507 1609 3558 lust.

544 3577 611 3626 de
644 3579 859 3632 Action.
926 3580 1067 3631 olim
1098 3582 1302 3632 scilicet
1323 3582 1604 3632 vadimonii

542 3652 807 3705 condictio
837 3656 895 3704 in
931 3671 1023 3706 usu
1057 3664 1189 3719 erat,
1220 3671 1371 3720 quam
1391 3659 1605 3708 sustulit

544 3730 839 3782 Antoninus
869 3732 1167 3785 inducendo
1197 3735 1301 3785 litis
1324 3734 1602 3786 denuncia-

542 3807 757 3858 tionem.
791 3811 967 3861 Arntz.

606 3885 636 3948 ς
661 3887 718 3934 ll
744 3884 1227 3951 Promiseuecios‘tas]
1247 3885 1336 3936 Sic
1353 3886 1600 3937 emendo:

540 3974 659 4011 nam
671 3961 802 4011 Mss.
814 3962 1035 4024 promissi
1048 3964 1130 4012 vel
1144 3965 1391 4027 promisso,
1407 3971 1601 4012 utrum·

540 4053 641 4101 qne
664 4037 918 4101 abjudico.
961 4038 1098 4087 Illud
1117 4047 1316 4089 rectum
1340 4054 1454 4088 esse
1476 4054 1599 4088 con-

540 4112 715 4164 firmat
747 4116 831 4163 lex
863 4127 1008 4163 xvir.
1030 4114 1096 4162 D.
1122 4115 1185 4163 de
1207 4115 1361 4165 Statu
1384 4116 1597 4165 Homin.

537 4192 555 4218 ‘
583 4191 647 4239 In
675 4190 804 4241 orbe
831 4191 1069 4240 Romano
1090 4192 1176 4255 qui
1200 4199 1339 4260 sunt,
1371 4207 1439 4241 ex
1473 4207 1597 4241 con-

539 4268 813 4321 stitutione
837 4268 905 4319 D.
932 4269 1179 4321 Antonini
1214 4272 1354 4322 cives
1380 4272 1597 4323 Romani

1267 381 1485 429 NoTAE
1536 381 1635 429 ΨΑ
1648 381 1940 428 monum

1707 518 1882 572 effecti
1900 520 2076 571 suntt'
2108 522 2185 572 ita
2211 520 2348 572 euim
2371 521 2644 587 legendum
2666 522 2765 574 do·

1706 599 1834 655 cuit,
1851 613 1952 648 non
1978 608 2034 648 ut
2059 599 2110 649 in
2132 599 2355 663 vulgatis
2372 601 2425 649 in
2441 600 2557 650 urbe
2576 601 2765 659 Romu

1707 673 1942 723 Andreas
1966 675 2196 724 Alciatus
2215 677 2492 739 Dispunct.
2510 677 2602 727 lib.
2623 691 2683 726 ιι.
2707 686 2766 730 et

1703 750 1820 814 hinc
1839 751 1999 799 Roma
2016 753 2294 800 communis
2307 753 2535 801 omnium
2561 754 2765 815 patria;

1703 825 1739 874 l.
1776 833 1790 857 ⁶
1818 826 2015 875 Roma!
2051 840 2266 878 xxxin.
2292 827 2444 876 Dad
2468 829 2505 876 l.
2538 829 2764 878 Munici-

1705 903 1892 966 palem.
1959 905 2161 957 Cateua
2204 906 2422 954 Patrum
2469 905 2659 955 Graeca
2703 907 2761 956 in

1703 981 1774 1029 D.
1798 982 1950 1031 Lucae
1973 982 2038 1030 de
2054 981 2235 1031 Gestis
2254 983 2619 1043 Apostolorum
2641 997 2763 1045 cap.

1702 1071 1853 1108 xxti.
1887 1059 1973 1108 ubi
1998 1074 2052 1106 se
2075 1059 2241 1107 civem
2269 1058 2554 1106 Romanum
2577 1066 2765 1110 centn·

1700 1136 1831 1185 rioni
1870 1137 2017 1185 divus
2042 1137 2255 1186 Paullus
2280 1134 2551 1198 praedicat,
2574 1148 2763 1196 magna

1702 1216 1950 1278 temporis
2022 1213 2352 1277 historiaeque
2416 1213 2762 1275 ignoratione,

1697 1300 1713 1322 ‘
1746 1289 2037 1355 Tempore‚'
2070 1290 2256 1354 iuquit,
2287 1290 2303 1317 ‘
2333 1287 2555 1338 Adriani
2593 1288 2762 1337 conti-

1698 1369 1793 1430 git,
1835 1376 1896 1417 ut
1930 1381 2106 1416 omnes
2145 1365 2354 1415 Romani
2394 1361 2766 1413 efficerentur-⁶

1699 1444 1832 1494 Nam
1855 1456 2159 1508 quamquam
2183 1447 2240 1491 et
2267 1441 2579 1501 Antoninus,
2605 1439 2762 1489 Adri·

1697 1535 1824 1569 anus
1878 1518 2267 1581 cognominatus
2298 1511 2333 1576 ς’
2370 1517 2528 1578 longo
2580 1524 2759 1565 tamen

1697 1603 1817 1659 post
1841 1602 2073 1658 tempore
2097 1607 2249 1656 quam
2264 1592 2475 1642 Paullus
2497 1591 2618 1648 fnit,
2642 1607 2759 1656 reg·

1695 1686 1819 1721 nare
1841 1673 2017 1735 coepit.
2049 1669 2232 1719 Scitote.
2298 1669 2405 1719 Sed
2428 1670 2543 1719 haec
2566 1670 2757 1719 civitas

1696 1748 1930 1798 Romano
1974 1746 2087 1795 orbi
2142 1760 2385 1796 concessa
2435 1760 2538 1795 non
2580 1743 2684 1795 fuit
2724 1761 2759 1796 a

1695 1826 1874 1874 Marco
1910 1823 2194 1884 Antonino,
2238 1822 2329 1871 sed
2375 1822 2440 1871 ab
2485 1820 2756 1872 Antonino

1690 1900 1982 1968 caracalla,
2023 1913 2124 1964 quo
2167 1899 2441 1962 inperante
2478 1897 2758 1961 Ulpianus,

1691 1979 1844 2041 cujus
1889 1986 1972 2027 est
2014 1978 2099 2026 lex
2145 1976 2236 2025 illa
2279 1989 2424 2026 xvn.
2474 1975 2639 2024 libros
2686 1975 2756 2024 ad

1690 2054 1931 2104 Edictum
1980 2054 2290 2117 composuit.
2369 2052 2561 2103 Maluit
2616 2052 2757 2101 Bur·

1691 2146 1906 2180 mannus
1931 2133 1995 2180 de
2023 2131 2229 2194 Vectig.
2255 2146 2306 2194 p.
2332 2133 2448 2179 220.
2471 2130 2607 2178 hunc
2627 2130 2755 2178 Vic-

1691 2210 1818 2257 toris
1856 2222 2082 2258 errorem
2123 2206 2452 2270 expositione
2490 2204 2757 2267 mitigare,

1690 2297 1866 2333 verum
1890 2283 1991 2333 illis
2020 2285 2194 2346 potius
2217 2282 2491 2331 adsensum
2520 2280 2755 2344 prumea,

1691 2362 1780 2424 qui
1803 2362 2163 2424 appellationis
2185 2358 2522 2420 similitudine
2546 2359 2754 2421 lapsum

1690 2450 1805 2485 esse
1844 2437 2095 2486 Nostrum
2130 2436 2481 2486 crediderunt.
2550 2433 2753 2484 Confer

1690 2512 1930 2563 Grotium
1965 2516 2018 2563 in
2058 2515 2196 2563 Flor.
2229 2516 2406 2577 Spars.
2442 2528 2496 2576 p.
2532 2527 2603 2561 m.
2634 2516 2753 2562 102.

1690 2590 1971 2652 spanhem.
2007 2591 2061 2640 in
2094 2589 2229 2639 Orb.
2266 2590 2416 2639 Rom.
2448 2589 2570 2639 diss.
2595 2602 2660 2638 ιι.
2698 2604 2753 2655 p·

1688 2668 1802 2716 18⁴.
1818 2676 1873 2717 et
1893 2667 2181 2731 Schulting.
2196 2666 2261 2715 ad
2280 2663 2416 2715 ffide
2432 2666 2571 2716 Stat.
2591 2666 2752 2716 Hom.

1690 2756 1744 2804 p.
1763 2745 1847 2791 79.
1915 2745 2046 2795 Quoe
2080 2743 2345 2806 pertinent
2381 2740 2446 2789 ad
2481 2755 2658 2789 veram
2690 2742 2748 2790 il-

1686 2818 1787 2867 lius
1826 2819 1956 2882 legis
2000 2820 2272 2869 lectionem
2318 2825 2438 2881 post
2482 2816 2749 2868 Alciatnm

1686 2893 1866 2945 confer
1888 2895 2159 2961 Constant.
2193 2894 2428 2945 Landum
2465 2893 2520 2941 in
2552 2893 2747 2941 Exere.

1686 2971 1860 3020 libello
1883 2986 1934 3033 p.
1956 2975 2100 3041 1401.
2124 2978 2248 3019 tom.
2269 2984 2355 3019 ιιι.
2374 2970 2527 3018 Thes.
2547 2970 2667 3021 Jur.
2694 2978 2747 3019 et

1686 3048 1879 3098 Annon.
1921 3046 2266 3111 Augustinum
2306 3047 2372 3095 de
2410 3047 2663 3095 Excusat.
2692 3063 2746 3111 p.

1685 3126 1830 3172 1578.
1853 3131 1976 3173 tom.
1999 3137 2080 3174 lv.
2100 3123 2437 3187 ejusd.Thes.
2470 3123 2647 3172 Arutz.

1748 3199 2028 3249 Nicomedia
2047 3215 2078 3249 α
2104 3199 2318 3261 Cereali]
2352 3198 2569 3261 Repone
2593 3198 2743 3246 Nico·

1681 3276 1837 3325 medio
1883 3276 2086 3325 Cereali.
2134 3275 2323 3325 Consul
2361 3274 2463 3323 fuit
2507 3274 2741 3324 Cerealis

1682 3353 1932 3402 Neratius
1948 3368 2065 3402 cum
2084 3352 2245 3402 Fabio
2259 3353 2496 3406 Tatiano,
2520 3349 2584 3399 Α.
2598 3350 2665 3399 U·
2681 3351 2739 3400 C-

1680 3442 1743 3478 u.
1766 3442 1906 3479 exn.
1927 3439 2046 3493 post
2071 3428 2360 3479 Constantii
2379 3427 2601 3490 Augusti
2618 3441 2738 3476 con·

1680 3507 1900 3555 sulatum
1926 3520 2009 3556 tx.
2032 3507 2118 3571 qui
2152 3520 2316 3555 annus
2336 3505 2486 3568 hujus
2508 3504 2736 3553 historia

1680 3581 1832 3631 finem
1857 3583 2116 3633 biennium
2140 3582 2426 3639 antecedit,
2449 3590 2508 3631 nt
2530 3582 2581 3629 in
2607 3580 2737 3630 Pro·

1678 3660 1962 3722 legonienis
1985 3661 2158 3712 docui.
2225 3662 2306 3710 De
2343 3657 2652 3709 Nicomedia
2684 3662 2735 3706 et

1680 3744 1978 3787 terraemotn
2022 3738 2233 3800 copiose
2289 3735 2594 3788 Ammianus
2646 3732 2731 3782 lib.

1679 3826 1824 3865 xvn.
1858 3815 2045 3863 δώσει.
2113 3813 2183 3862 Et
2205 3812 2438 3875 Scaliger
2456 3810 2524 3859 ad
2542 3809 2730 3859 Euseb-

1677 3891 1867 3939 Clu'on.
1886 3905 1941 3953 p.
1961 3893 2075 3940 256.
2107 3889 2283 3946 Arutz.

1684 4010 1691 4018 .
1740 3968 1769 4031 ς
1795 3971 1856 4017 12
1889 3967 2021 4029 Regu·
2038 3964 2402 4028 Man-comanae]
2437 3964 2728 4013 Marcoman

1674 4042 1906 4093 disertius
1931 4052 2081 4093 vetus
2100 4042 2238 4100 cod„
2260 4050 2315 4090 et
2335 4042 2577 4090 carunto.
2628 4040 2726 4089 Eu·

1675 4122 1874 4183 tropius
1917 4121 2006 4169 lib.
2052 4133 2177 4169 vm.
2219 4114 2621 4180 ‘Carnuntnm,'
2670 4119 2722 4163 et

1673 4197 1982 4258 Spartianus
2005 4196 2198 4243 Severo
2221 4199 2423 4242 vocant.
2480 4191 2722 4240 Nationes

1673 4279 1846 4322 autem
1868 4272 2063 4335 Quadi,
2079 4269 2319 4326 Vandali,
2340 4268 2615 4331 Sarmatic,
2636 4265 2720 4315 Su·
