3025 4934
565 389 698 455 686

568 549 798 613 perlege.
820 547 986 598 Mach.

631 624 714 673 Ad
730 621 1060 685 ptolemeum]
1079 622 1363 674 Dubitabat
1381 625 1508 675 Pom
1516 624 1626 689 pei-

566 714 643 755 us,
664 713 729 747 an
762 698 826 747 ad
856 699 1077 748 Parthos
1112 700 1436 764 confugeret,
1459 717 1525 750 an
1558 702 1625 753 ad

564 774 755 824 sobam
790 773 1125 824 Mauritanioe
1161 790 1370 838 regem3
1413 776 1622 826 tandem

565 852 789 900 Lentulo
808 849 972 913 (apud
991 851 1255 901 Lucanum
1280 853 1314 902 l.
1335 851 1491 913 viti.)
1511 852 1624 900 hor·

565 931 710 974 tante
726 926 777 973 in
801 927 926 989 AEgy
935 933 1076 987 ptum
1102 926 1385 990 profectus,
1401 931 1489 977 uhi
1506 942 1622 992 reg-

563 1002 725 1050 nabat
738 1003 944 1065 regulus
964 1001 1100 1051 filius
1120 1018 1135 1052 t
1161 1005 1293 1065 patri
1313 1005 1425 1066 ejus
1441 1004 1620 1066 ingen.

563 1078 641 1127 tia
688 1077 942 1127 beneficia
984 1079 1274 1128 contulerat
1322 1081 1622 1142 Pompeius.

559 1154 834 1203 Ptolemaei
863 1154 1201 1216 preceptor-is
1225 1155 1431 1205 nomine
1454 1157 1618 1206 Theo·-

560 1230 695 1293 doti,
714 1230 936 1280 dicentis
957 1231 1212 1281 hominem
1237 1242 1496 1282 mortuum
1514 1248 1618 1283 non

558 1308 667 1356 sole
675 1321 729 1355 re
741 1321 946 1364 nocere,
959 1307 1214 1356 sententia
1224 1309 1621 1368 condemnatus.

561 1392 619 1431 et
651 1398 684 1431 a
704 1383 957 1446 Septimio
980 1390 1035 1433 et
1057 1382 1260 1432 Achilla
1281 1385 1490 1446 indigne
1509 1395 1617 1434 tru-

558 1458 781 1515 cidatus,
825 1458 1037 1522 indigne
1081 1461 1241 1510 vitam
1284 1474 1402 1510 cum
1447 1473 1615 1512 morte

556 1537 917 1585 commutavit.
942 1537 1108 1586 Mos-h·
1184 1538 1190 1546 '
1604 1565 1613 1576 ι

560 1635 566 1641 ·
624 1611 803 1676 fugit]
840 1613 968 1661 Mss.
1008 1614 1246 1676 confugit.
1293 1613 1616 1679 Adduntque

554 1686 657 1747 qius
669 1689 851 1751 inperio
864 1690 925 1757 ab
940 1690 1129 1739 Achilla
1145 1696 1192 1739 et
1212 1692 1423 1741 Pothino
1432 1692 1616 1742 satelli·

553 1764 683 1813 tibus
700 1766 879 1817 occisas
894 1770 980 1813 est.
1045 1766 1165 1815 Nec
1188 1766 1459 1831 quicquam
1484 1783 1614 1830 pras·

556 1850 701 1890 terea
740 1851 847 1891 ests
891 1844 1223 1907 subsequitur
1261 1846 1398 1893 enim
1441 1844 1614 1896 Julius

555 1918 754 1980 Caesar,
796 1919 1083 1982 ceterique,
1120 1932 1248 1983 quos
1280 1920 1367 1969 hic
1412 1919 1612 1977 damus,

554 1994 733 2043 eadem
759 2009 909 2043 manu
926 1999 983 2043 et
998 1996 1134 2058 stylo
1150 1995 1355 2060 eodem,
1372 1996 1613 2059 nisijudi-

552 2084 679 2120 cans
703 2072 1039 2119 vehementer
1061 2072 1366 2121 halluciuor.
1416 2073 1613 2136 Scripsi

552 2156 749 2206 autem,
790 2161 856 2193 ne
902 2161 1055 2208 quem
1102 2145 1345 2202 offendat.
1387 2149 1612 2213 Pothino,

553 2226 864 2287 aspiratione
881 2226 932 2273 in
948 2226 1224 2275 secundam
1241 2227 1487 2291 syllabam
1504 2234 1612 2275 tra·

553 2302 727 2361 ducta,
750 2302 958 2350 tametsi
998 2303 1195 2363 vulgati
1225 2303 1276 2351 in
1310 2304 1483 2366 priore
1518 2307 1610 2365 ap'·

536 2373 787 2441 pingant,
805 2387 1049 2441 sequutus
1073 2380 1203 2428 Mss.
1227 2380 1468 2430 librorum
1499 2395 1609 2427 ves·

435 2485 444 2488 -
548 2456 696 2515 tigisi,
734 2455 786 2503 in
827 2456 1012 2519 quibus
1056 2463 1362 2505 constanter
1406 2456 1612 2504 Petimus

549 2532 632 2579 vel
656 2531 879 2580 Potinius
894 2548 911 2580 .·
935 2538 1177 2595 sequutus
1194 2540 1249 2581 et
1269 2532 1486 2581 Graecos
1500 2532 1605 2596 Ap-

548 2608 778 2669 pianum,
810 2608 1046 2662 Dionem,
1080 2617 1135 2658 et
1169 2609 1507 2657 Plutarchum
1553 2609 1607 2657 in

547 2684 756 2734 Caesare
810 2693 867 2734 et
919 2686 1198 2748 Pompeio,
1247 2685 1335 2748 qui
1391 2684 1610 2734 Ποθεινὸς

545 2762 800 2825 scribunt,
836 2762 1161 2826 primamque
1189 2761 1480 2824 corripiunt
1503 2762 1606 2811 Lu-

546 2833 707 2902 ca'nus
730 2846 784 2888 et
819 2839 1097 2899 Martialis,
1131 2853 1246 2901 quae
1281 2839 1331 2888 in
1351 2837 1607 2887 haeretico

543 2915 756 2978 Φωτείνῳ
790 2916 944 2980 longa
976 2923 1076 2965 est.
1143 2916 1264 2964 Fuit
1296 2921 1471 2963 autem
1506 2915 1602 2964 Po·

541 2994 706 3043 thiam
727 2994 979 3043 nutricius
1001 2989 1298 3053 Ptolemaei,
1320 2992 1466 3054 cujus
1487 3005 1606 3041 con-

542 3072 655 3120 silio
679 3071 958 3134 Pompeius
988 3070 1228 3131 Magnus,
1253 3082 1376 3117 cum
1401 3068 1604 3117 Pelusi-

542 3163 628 3197 um
652 3149 974 3205 accessisset,
1012 3155 1227 3196 necatus
1256 3152 1355 3194 est.
1423 3144 1603 3194 Caesar

541 3224 607 3273 de
627 3226 775 3273 Bello
798 3224 958 3274 Civili
972 3224 1062 3273 lib.
1082 3237 1169 3271 ιιι.
1186 3222 1391 3284 aliique.
1416 3221 1600 3272 Schott.

539 3299 791 3349 Periodus
836 3302 983 3348 istaec
1014 3299 1116 3358 eius
1147 3298 1345 3361 inperio,
1375 3300 1460 3359 &a
1494 3312 1601 3347 non

539 3382 807 3437 comparet
830 3376 881 3422 in
910 3374 1191 3434 Palatinis-3
1232 3372 1388 3421 habet
1422 3380 1599 3422 tamen

538 3463 759 3515 sequens
808 3450 970 3511 Ηιῄιιε
1010 3452 1150 3506 lotus,
1191 3451 1276 3513 &c-
1313 3463 1485 3512 usque
1528 3450 1597 3499 ad

536 3529 710 3589 finem,
753 3530 890 3593 quod
942 3536 1113 3578 tamen
1156 3543 1260 3576 non
1313 3540 1598 3592 agnoscunt

536 3605 738 3653 Schotti
788 3604 952 3652 nostri
1005 3605 1326 3668 exemplaria
1381 3606 1595 3670 scriptas

539 3681 688 3728 Grat-
756 3680 910 3742 Fugit
948 3687 1122 3728 tamen
1147 3681 1344 3729 malunt
1368 3682 1517 3729 editt.
1540 3690 1596 3732 et

536 3758 667 3807 Mss.
735 3757 984 3806 Periodus
1010 3772 1130 3805 vero
1153 3756 1253 3816 ejus
1268 3757 1451 3820 inperio
1473 3757 1595 3806 abe·-

535 3842 620 3881 rat
644 3832 708 3881 ab
729 3831 965 3880 omnibus
998 3832 1079 3880 vel
1114 3832 1236 3880 edd.
1272 3834 1351 3880 vel
1383 3833 1597 3895 scriptis

533 3911 644 3957 sine
663 3908 818 3956 dubio
838 3908 886 3954 vi
911 3909 1128 3969 intrusa,
1150 3908 1240 3957 sed
1262 3909 1408 3957 uncis
1432 3910 1593 3958 inclu-

531 3986 656 4034 dere
676 3999 825 4049 quam
843 3983 1047 4031 omnino
1065 3984 1285 4044 rejicere
1306 3985 1598 4049 maluimus,

531 4062 659 4110 licet
680 4059 835 4108 facile
861 4066 1069 4107 constet
1091 4058 1274 4107 falsam
1299 4075 1433 4120 esse,
1455 4075 1597 4124 cum,

531 4139 574 4186 si
614 4139 726 4185 haec
780 4137 1099 4194 admittatur,
1143 4138 1417 4199 sequentia
1459 4139 1594 4186 male

532 4215 847 4271 cohaereant,
882 4227 994 4276 quae
1024 4222 1195 4262 tamen
1232 4214 1453 4276 genuina
1476 4229 1592 4263 esse

533 4288 808 4340 adfirmant
829 4289 1056 4354 inpressi
1069 4288 1187 4339 olim
1207 4296 1264 4341 et
1294 4304 1447 4345 manu
1467 4304 1590 4340 exa-

1260 405 1481 457 NO'I'AE
1528 405 1938 457 vammum
1988 405 2071 457 m

1702 549 1804 599 rati
1828 549 1893 598 ad
1918 563 2074 601 unum
2091 565 2286 601 omnes.
2351 552 2617 602 Pothinum
2640 555 2762 603 scri-

1700 624 1926 676 bendum
1964 641 2080 676 esse
2113 627 2467 691 adspiratione
2501 630 2554 677 in
2598 629 2763 679 media

1700 702 1902 764 syllaba
1921 703 2211 753 docuerunt
2244 705 2405 753 etiam
2445 706 2639 770 Dausq.
2664 707 2763 755 Or-

1702 778 1871 842 thogr.
1908 788 2045 843 part.
2082 784 2133 828 2.
2170 795 2220 841 p.
2258 784 2376 829 249.
2428 780 2665 829 Seriver.
2690 782 2763 831 ud

1698 854 1932 904 Martial.
1969 855 2151 918 Epigr.
2194 870 2279 905 ιιι.
2316 860 2398 905 66.
2421 865 2476 906 et
2503 858 2685 919 Epigr.
2710 871 2766 907 v.

1697 934 1779 978 69.
1815 941 1975 995 atque
1998 932 2289 982 comment.
2326 933 2392 981 ad
2417 934 2620 983 Lucan.
2642 948 2772 998 vnn,

1692 1008 1811 1057 488.
1847 1007 2023 1056 Arata.
2663 1047 2669 1054 .

1760 1083 1789 1145 ς
1816 1084 1877 1131 lo
1901 1083 1947 1132 A
1971 1081 2229 1146 Septimio]
2252 1083 2653 1134 Mediolanense
2676 1101 2764 1136 ex·

1696 1157 1922 1220 emplum
1964 1174 1995 1208 a
2039 1159 2266 1223 Photiao,
2310 1160 2396 1208 alii
2444 1176 2475 1207 a
2525 1159 2766 1214 Theodoto

1695 1233 1973 1286 Ptolemoei
1999 1246 2347 1301 praeceptore.
2403 1240 2456 1289 N
2460 1252 2522 1288 ec
2548 1240 2768 1302 mirum3

1694 1313 1897 1361 variant
1936 1314 2073 1362 euim
2111 1316 2432 1362 narrantium
2466 1318 2766 1379 sententiae,

1694 1394 1831 1438 teste
1856 1389 2132 1440 Plutarcho
2153 1398 2208 1440 et
2229 1390 2494 1453 Appiano.
2549 1393 2651 1442 Est
2672 1408 2763 1442 au·-

1692 1469 1798 1512 tem
1826 1464 1884 1513 L.
1916 1464 2220 1527 Septimius,
2252 1466 2404 1528 cujus
2439 1466 2621 1515 Caesar
2654 1483 2761 1518 me·

1690 1542 1843 1591 minit
1886 1550 2133 1607 tanquam
2179 1543 2486 1605 desertoris,
2531 1551 2590 1593 et
2637 1546 2761 1609 Dio,

1690 1616 1782 1666 lib.
1821 1630 1961 1667 xur-
2013 1619 2202 1668 δώσει.
2267 1618 2480 1681 Septimo
2530 1629 2759 1684 uterque

1691 1691 1840 1740 Leid.
1873 1694 2072 1743 Boend.
2107 1701 2165 1743 et
2199 1694 2372 1743 naun.
2436 1695 2548 1745 Pro
2572 1697 2764 1756 ‘consos-

1687 1781 1793 1816 sam
1840 1782 1963 1818 vero
2006 1769 2210 1819 Boend.
2254 1770 2410 1820 habet
2454 1772 2759 1832 interfectum

1690 1842 1930 1893 Lucanus
1974 1857 2100 1895 viu.
2137 1849 2252 1900 618.
2285 1845 2421 1896 ‘Sed
2479 1858 2757 1914 postquam

1689 1933 1934 1970 mucrone
1960 1922 2094 1973 latus
2111 1920 2351 1970 funestus
2369 1920 2602 1973 Achillas
2631 1928 2760 1975 Per-

1689 1993 1856 2045 fodit!
1923 1997 2125 2048 Seneca
2166 1999 2231 2046 de
2272 1999 2427 2047 Brev.
2452 2000 2598 2049 Vitae
2636 2016 2757 2065 cap.

1691 2075 1767 2121 14.
1788 2072 1803 2099 ‘
1825 2071 2178 2123 Alexandrina
2221 2074 2434 2137 perfidia
2473 2076 2756 2140 deceptus,

1686 2149 1867 2197 ultimo
1901 2149 2162 2212 mancipio
2200 2148 2651 2202 transfodiendum
2693 2168 2756 2203 se

1686 2224 1969 2288 praebuitz'
2003 2234 2059 2273 et
2099 2227 2218 2275 Val.
2276 2226 2542 2277 Maximus
2583 2243 2669 2280 ιιι.
2701 2236 2760 2281 2.

1685 2314 1770 2364 εξ.
1813 2303 1892 2349 12.
1933 2302 2031 2349 ‘Vi
2081 2301 2272 2350 doloris
2324 2318 2574 2354 aecensus
2617 2308 2756 2355 latus

1682 2375 1853 2425 Crassi
1876 2377 1982 2426 sica
2010 2375 2277 2426 confodit!
2312 2378 2489 2426 Arata.

1749 2453 1778 2516 ξ
1807 2455 1862 2501 11
1918 2453 2128 2516 Itemque
2148 2453 2386 2519 defuncti]
2422 2455 2590 2504 Aldus
2611 2459 2755 2509 Jam-

1682 2545 1784 2592 que.
1816 2529 2021 2580 Schott.
2088 2531 2178 2580 Ita
2212 2545 2315 2579 non
2360 2532 2522 2580 solum
2564 2532 2755 2592 Aldus,

1682 2608 1772 2655 sed
1799 2621 1978 2655 omnes
2011 2607 2131 2656 edd.
2165 2616 2287 2658 ante
2319 2616 2376 2657 et
2410 2615 2533 2669 post
2562 2610 2754 2661 Schot-

1682 2690 1791 2732 tum
1818 2698 1934 2739 cum
1958 2684 2145 2734 nostris
2169 2686 2299 2733 Mss.
2330 2686 2507 2735 Arntz.

1746 2761 2011 2809 Praecisum
2050 2761 2216 2825 caput]
2277 2762 2515 2811 Lucanus
2559 2769 2752 2813 octavo

1681 2833 1994 2887 Pharsaliae:
2020 2839 2036 2866 ‘
2056 2838 2199 2886 Tunc
2222 2847 2337 2886 arte
2356 2835 2586 2887 nefanda
2596 2838 2748 2889 Sum-

1680 2918 1824 2959 mota
1845 2919 1927 2960 est
1953 2911 2097 2959 tabes
2119 2912 2295 2975 capiti,
2324 2918 2577 2976 raptoque
2602 2926 2750 2964 cere-

1680 2985 1791 3042 bro,
1832 2986 2108 3036 Exsiccata
2151 2988 2307 3046 cutis,
2353 2989 2628 3053 putrisque
2670 2987 2750 3037 ef·

1678 3059 1828 3111 fluxit
1853 3062 1918 3111 ab
1945 3062 2054 3112 alto
2079 3062 2297 3125 Humor,
2318 3071 2372 3112 et
2394 3063 2565 3114 infuso
2583 3064 2749 3114 facies

1677 3139 1902 3188 solidata
1936 3154 2135 3201 veneno
2157 3136 2274 3188 est!
2339 3139 2469 3189 Cum
2494 3149 2653 3189 autea
2675 3140 2746 3191 de

1678 3215 1967 3265 incessione
2022 3216 2258 3272 dixisset,
2308 3218 2326 3245 ‘
2352 3218 2494 3266 Dum
2545 3219 2745 3268 lumina

1676 3292 1816 3339 nuda
1852 3291 2130 3355 rigescunt,
2159 3292 2414 3350 Suffixum
2440 3304 2604 3356 caput
2627 3294 2750 3345 est.’

1674 3368 1840 3417 Μαι-ὴ.
1907 3372 2175 3432 Perpetua
2208 3380 2289 3419 est
2325 3368 2564 3420 confusio
2597 3372 2651 3420 in
2673 3374 2744 3420 si-

1673 3447 1879 3496 milibus
1899 3449 2218 3510 compositis,
2235 3464 2350 3513 quae
2374 3464 2405 3496 a
2428 3456 2445 3478 ‘
2468 3450 2710 3499 scindere
2727 3449 2746 3474 '

1673 3531 1728 3571 et
1765 3523 2028 3573 ‘cedere'
2068 3532 2479 3587 componuntur,
2510 3532 2567 3574 ut
2590 3540 2620 3573 s
2654 3527 2740 3575 vel

1673 3598 1968 3663 duplicetur
1998 3601 2111 3649 sine
2133 3601 2466 3657 necessitate,
2502 3602 2585 3650 vel
2610 3603 2744 3666 abji-

1672 3676 1861 3731 ciatur,
1907 3674 1995 3723 abi
2039 3674 2095 3724 id
2138 3675 2253 3725 fieri
2297 3691 2400 3726 non
2438 3678 2739 3741 oportebat,

1671 3766 1829 3814 qnare
1868 3752 1953 3801 hic
1983 3752 2143 3800 etiam
2175 3752 2476 3816 praescissum
2507 3755 2740 3805 habebat

1674 3829 1817 3877 Leid.
1842 3835 1886 3880 1.
1907 3830 1998 3878 sed
2025 3831 2174 3877 male.
2243 3831 2419 3879 Livius
2453 3844 2628 3881 xxtu.
2650 3836 2737 3883 24.

1670 3907 1880 3968 ‘Spolia
1901 3907 2135 3970 corporis
2156 3916 2420 3971 caputque
2439 3908 2584 3957 ducis
2601 3925 2737 3973 pras-

1668 3983 1828 4031 eisum
1841 3982 1959 4031 Boii
1973 3990 2189 4030 ovantes
2200 3983 2462 4032 intulere.'
2477 3997 2737 4035 xxxvia.

1668 4063 1749 4108 24.
1795 4057 2060 4120 ‘Jugulati
2102 4059 2378 4121 praecisum
2421 4070 2582 4123 caput
2622 4063 2737 4123 ipsa

1668 4136 1952 4185 involutum
1992 4142 2140 4183 veste
2162 4134 2371 4184 ferens!
2406 4151 2497 4187 κε..
2522 4144 2572 4188 6.
2593 4141 2610 4167 ‘
2634 4140 2737 4189 Ca-

1666 4218 1763 4276 put
1805 4211 2002 4260 mediae-
2032 4212 2174 4260 canis
2216 4214 2450 4276 pragcisae
2493 4222 2547 4264 et
2590 4216 2736 4277 prior

1664 4301 1785 4372 par3
1830 4304 1951 4351 cum
1984 4287 2162 4339 extis)
2227 4290 2426 4341 Seneca
2441 4292 2600 4344 suas.
2626 4299 2733 4347 vn·
