3025 4934
497 398 786 451 Auum..
816 399 1017 449 vlc‘r.
1048 399 1274 449 vmos
1323 398 1677 452 tLLUS‘rR·
1724 400 1891 452 cAP.
1939 400 2296 454 xxxvnl.

314 541 393 593 nis
424 548 702 608 usurpatas
744 541 1022 594 liburnicas
1055 543 1147 594 ait.
1182 543 1374 595 Sabou.

313 619 510 671 Nescio
551 619 809 684 quomodo
842 619 964 669 mihi
999 618 1229 669 arrideat
1264 631 1376 670 cnr·

313 694 483 744 rectio
511 709 691 745 eorum
724 696 971 746 librorum
1004 696 1092 761 qui
1126 696 1375 747 exhibent

311 770 506 821 classen
527 774 682 835 magis
717 773 926 823 validm
955 787 1097 836 quum
1126 775 1373 824 decoram:

310 846 383 896 ita
404 862 533 898 sane
555 850 790 898 omnibus
811 849 1006 899 litteris
1034 849 1203 899 codex
1225 849 1372 900 bibli-

242 921 257 930 ’
310 924 510 975 otheem
537 926 794 975 Palatium
816 934 1051 989 uterque.
1107 927 1221 976 Etsi
1236 926 1371 975 euim

311 1016 410 1052 nnn
433 1002 713 1052 admodum
746 1002 1073 1053 desideretur
1094 1004 1148 1051 in
1182 1018 1239 1053 re
1260 1004 1372 1054 bel-

309 1078 408 1129 lies
441 1085 656 1129 ornatus
695 1079 1024 1143 pulcritud03
1050 1093 1164 1129 eam
1195 1086 1369 1131 tamen

306 1157 516 1206 minime
537 1156 778 1207 dedecet.
813 1156 980 1207 Plane
995 1171 1251 1207 armorum
1267 1158 1371 1207 eie·

306 1234 536 1293 gantiam
559 1233 807 1284 militibus
829 1234 932 1283 suis
960 1233 1088 1283 mire
1121 1233 1372 1285 laudabat

306 1307 700 1373 Phiiopoemen3
743 1309 821 1359 uti
857 1309 1043 1366 videre
1069 1311 1193 1360 lieet
1227 1310 1369 1375 apud

304 1386 495 1452 Polyb.
519 1388 720 1438 Hister.
742 1387 832 1438 lib.
856 1401 941 1438 ιι.
962 1388 1190 1452 capitulo
1208 1389 1371 1452 septi-

304 1477 422 1525 m03
445 1464 589 1529 apud
615 1464 883 1515 Plutarch.
914 1466 967 1514 in
989 1465 1099 1515 vite
1117 1465 1370 1529 eJusdem.

303 1538 502 1588 verum
527 1539 596 1588 de
627 1541 722 1590 hae
745 1540 1036 1602 aptitudine
1058 1539 1368 1604 sumptuosi·

302 1626 413 1678 ore,
438 1621 498 1665 et
532 1611 677 1664 cultu
700 1615 1051 1677 concinniore,
1070 1630 1175 1665 nnn
1201 1631 1370 1680 peuce

301 1689 604 1740 disserimus
625 1691 691 1740 ad
723 1691 850 1754 illud
884 1692 1057 1742 Taciti
1090 1693 1143 1741 in
1165 1693 1272 1744 vita
1292 1692 1368 1743 A·

302 1766 516 1829 gricoloe
539 1781 589 1817 e.
609 1771 692 1816 32.
722 1768 740 1794 ⁴
756 1768 810 1817 N
813 1780 843 1815 a
879 1773 1074 1817 terreat
1097 1781 1257 1818 vanus
1278 1770 1367 1819 ad·

299 1851 539 1905 spectus,
555 1849 612 1893 et
633 1842 746 1893 euri
769 1838 942 1908 fulgor
963 1851 1121 1909 atque
1143 1846 1369 1910 argenti,

298 1917 435 1981 quod
483 1932 658 1983 neque
701 1919 836 1983 tegit
878 1933 1048 1984 neque
1093 1920 1370 1971 vulnerat.'

302 1993 509 2045 Gruter.
577 1995 900 2052 Lectionem,
921 2010 1074 2061 quam
1109 1996 1367 2061 dedimus,

297 2071 554 2121 exhibent
585 2086 763 2122 omnes
799 2073 930 2122 Μαι.
961 2081 1015 2121 et
1039 2080 1244 2123 veteres
1266 2074 1365 2124 eti·

298 2163 380 2199 am
397 2151 661 2214 expressi.
707 2152 896 2216 Neque
917 2152 1171 2200 rationem
1197 2150 1368 2216 video,

295 2238 388 2274 cnr
418 2240 485 2275 ea
508 2225 785 2289 displicere
806 2235 965 2291 queat
986 2226 1110 2275 viris
1130 2227 1366 2278 eruditis.

298 2300 431 2353 Quis
455 2302 597 2352 euim
630 2303 846 2365 negabit
868 2302 1060 2353 decore
1082 2302 1254 2353 factas
1275 2319 1363 2354 na-

297 2391 409 2442 ves,
434 2378 623 2442 maj0ri
660 2377 915 2429 facilitate
938 2379 1142 2443 agitari,
1169 2388 1226 2429 et
1247 2380 1362 2431 hos·

297 2460 379 2505 tes
392 2455 668 2505 ludificare
683 2456 865 2519 posse?
881 2461 940 2505 ut
955 2463 1102 2518 patet
1119 2471 1184 2518 elz
1202 2457 1365 2508 Fron·

300 2532 398 2581 tin.
423 2531 665 2594 Strateg.
685 2544 746 2582 ιι.
767 2537 816 2583 8.
840 2546 926 2583 ex.
950 2536 1034 2582 24.
1082 2533 1220 2583 Vide
1243 2535 1363 2584 Ste-

296 2607 463 2657 wech.
486 2607 551 2657 sd
571 2609 756 2673 Veget.
777 2608 846 2659 de
868 2609 943 2659 Re
961 2609 1082 2661 Mil.
1100 2623 1140 2661 1.
1157 2614 1208 2660 5.
1230 2611 1362 2662 Δηι-

296 2683 507 2732 imitus.
732 2681 750 2702 '

367 2757 668 2821 Fabrefeeit]
751 2760 1036 2811 Mediolan-
1080 2761 1367 2821 fabricavit·

294 2835 504 2885 Schntt.
572 2836 727 2887 Quod
750 2839 801 2885 in
831 2837 1116 2888 Mediolan.
1139 2852 1197 2888 se
1218 2839 1362 2890 inve·

293 2911 437 2963 nisse
462 2919 705 2971 testatur,
728 2915 892 2964 nostri
919 2930 1124 2980 quoque
1160 2922 1360 2968 tautum

291 3002 398 3037 nnn
421 3002 601 3039 omnes
636 2991 994 3053 comprobant,
1023 3006 1244 3055 eamque
1275 3008 1360 3043 vn·

270 3073 410 3115 'eeru
434 3067 718 3116 reduxerat
743 3068 857 3131 jam
878 3069 997 3118 olim
1020 3068 1361 3135 Machaneus,

292 3156 427 3206 quos
481 3144 649 3193 secuti
710 3159 900 3195 snmus.
980 3146 1152 3209 Supra
1205 3145 1358 3211 Orig.

294 3216 455 3267 Gent.
481 3217 632 3269 Rom.
649 3234 697 3269 e.
721 3222 814 3285 9.§
841 3224 888 3269 1.
910 3228 924 3251 ⁴
942 3221 1127 3286 Ibique
1143 3225 1361 3273 navibus

292 3291 568 3344 fabricetis
603 3298 799 3345 oraculi
846 3298 1111 3348 admonitu
1147 3299 1359 3350 Italiam

293 3369 470 3431 petit.’
533 3371 713 3421 Livius
737 3376 961 3422 xxr.26.
985 3381 1000 3403 ‘
1018 3375 1181 3424 Simul
1206 3375 1360 3438 perli-

294 3444 368 3494 eit
399 3445 552 3496 donis
588 3446 655 3496 ad
692 3462 850 3498 naves
882 3449 1114 3515 undique
1149 3458 1362 3502 eontra.

292 3520 488 3572 hendas
533 3521 1000 3589 fabricandasqne.’
1035 3540 1240 3579 xxvrn.
1274 3533 1358 3579 46.

299 3598 461 3650 ‘Qua
502 3600 571 3648 ab
590 3591 764 3651 'sociis
807 3602 1053 3652 darentur
1092 3603 1159 3653 ad
1198 3620 1356 3657 novas

294 3671 627 3723 fabricandas
671 3677 880 3728 navesz'
924 3687 979 3729 et
1025 3681 1199 3743 paullo
1240 3690 1358 3746 post

293 3747 309 3775 ‘
336 3748 599 3799 Rusellani
617 3751 842 3802 abietem
860 3754 910 3802 in
928 3752 1253 3806 fabricandas
1269 3772 1356 3808 na-

296 3823 423 3876 ves!
472 3815 624 3875 ‘VelL
647 3841 710 3876 ιι.
730 3832 812 3879 79.
832 3830 928 3893 §2
947 3830 963 3857 ‘
982 3828 1045 3878 In
1060 3830 1274 3883 Averno
1295 3847 1357 3883 ae

294 3899 521 3951 Lucrino
544 3902 659 3950 lacu
681 3903 1057 3966 speciosissima
1085 3909 1253 3958 classe
1278 3908 1356 3958 fa·

294 3974 533 4027 brinate?
596 3978 814 4030 Sueton-
844 3981 898 4031 in
921 3980 1055 4046 Aug.
1080 3999 1128 4034 e.
1149 3989 1228 4034 1⁶.
1252 3987 1281 4050 ς
1307 3990 1355 4035 1.

291 4059 305 4082 ⁸
330 4055 513 4104 Donec
550 4055 768 4104 navibus
802 4071 869 4106 ex
902 4059 1107 4123 integro
1137 4059 1354 4112 fabrica-

295 4126 397 4177 tis.’
428 4130 623 4200 Justin.
664 4145 732 4181 ιι.
778 4136 862 4183 12.
897 4135 924 4197 §
964 4139 1045 4184 12.
1077 4136 1353 4201 ‘Namque

295 4202 637 4256 Athenienses
654 4215 773 4269 post
790 4223 1013 4273 pugnam
1032 4210 1354 4262 Marathoni-

293 4296 371 4334 ιω
419 4281 676 4338 ducentas
726 4298 888 4337 naves
930 4285 1355 4344 fabricaverant.’

2380 387 2513 456 58¹7

1446 544 1694 595 Laetant.
1719 544 1846 597 Div.
1869 545 2002 599 Inst.
2034 559 2138 601 vu.
2166 553 2218 599 ⁴.
2250 547 2385 601 ‘Qui
2419 563 2513 599 na·

1448 634 1565 671 vem
1587 619 1833 679 fabricat,
1870 636 1971 674 non
2006 624 2127 674 ideo
2147 623 2359 676 insumit
2382 640 2511 690 ope·

1447 697 1598 749 rsm.'
1632 699 1808 750 Arnis-

1516 774 1671 838 Quas]
1705 777 1839 829 Quo
1879 776 2177 840 parenthesi
2215 776 2420 834 inclusi,
2454 778 2510 827 in

1443 851 1750 913 quibusdam
1776 852 1918 903 libris
1940 853 2145 905 absunt.
2179 853 2370 904 Schen-
2436 856 2512 906 Ut
2583 885 2588 890 -

1443 928 1499 978 iu
1545 929 1778 980 omnibus
1825 932 2017 981 nostris
2058 938 2114 982 et
2159 930 2245 981 ed.
2288 932 2515 995 Veneta,

1443 1013 1500 1055 et
1532 1007 1633 1057 hoe
1665 1008 1861 1059 rectius
1905 1023 2019 1058 esse
2042 1009 2315 1073 judicabat
2348 1010 2510 1059 etiam

1443 1081 1691 1133 Scheffer.
1711 1084 1777 1133 de
1810 1084 1969 1136 Milit.
1994 1085 2131 1135 Nsv.
2154 1085 2191 1134 1.
2223 1098 2288 1134 ιι.
2308 1099 2356 1134 c.
2379 1090 2429 1134 7.
2452 1094 2511 1136 et

1441 1158 1716 1209 Kenehen.
1755 1160 1818 1209 ad
1852 1160 2089 1211 Frontin.
2123 1173 2188 1210 ιι.
2225 1164 2274 1209 8.
2307 1175 2391 1210 ex.
2423 1165 2511 1218 24.

1444 1234 1581 1284 Nam
1595 1236 1613 1262 ⁴
1627 1249 1810 1286 corvos
1828 1234 1843 1257 '
1860 1245 1915 1286 et
1928 1238 1944 1265 ‘
1962 1235 2158 1286 ferreas
2173 1250 2353 1285 manus
2368 1234 2384 1257 ⁹
2406 1236 2510 1285 dis-

1442 1309 1691 1374 tinguunt
1728 1311 2031 1377 scriptores,
2065 1319 2126 1363 ut
2156 1312 2387 1362 hocloco
2401 1326 2510 1361 ma·

1441 1386 1492 1436 le
1511 1401 1605 1450 pro
1623 1387 1802 1437 iisdem
1825 1389 2126 1439 habeantur.
2195 1387 2408 1438 Curtius
2422 1399 2507 1437 ιν.

1441 1465 1493 1512 8.
1514 1463 1544 1527 ξ
1565 1465 1648 1513 a«.
1668 1464 1684 1491 ‘
1703 1463 1901 1514 Validis
1931 1464 2210 1527 asseribus,
2230 1477 2413 1513 corvos
2448 1471 2509 1524 et

1439 1532 1639 1589 ferreas
1656 1553 1837 1588 manus
1861 1540 2205 1603 alligaverunt
2227 1541 2260 1586 ε’
2293 1548 2350 1588 et
2371 1541 2398 1603 ξ
2419 1543 2503 1591 26.

1441 1616 1457 1640 ‘
1476 1613 1635 1663 Corvi
1660 1627 1782 1664 vern
1804 1621 1858 1664 et
1880 1613 2061 1664 ferreo
2077 1628 2259 1664 manus
2280 1622 2508 1663 tormen-

1442 1687 1509 1738 tis
1527 1691 1728 1739 emisso
1745 1690 2016 1755 plerosque
2033 1687 2342 1753 rapiebant!
2364 1687 2508 1739 Add.
2575 1702 2594 1716 ‘

1439 1780 1521 1817 lv.
1563 1768 1674 1831 λς
1715 1771 1796 1817 12.
1853 1768 2095 1817 Fortasse
2133 1767 2233 1817 hue
2272 1768 2505 1830 pertinet

1441 1842 1792 1908 Hieronymus
1813 1844 1986 1909 Epist.
2012 1858 2101 1895 ιιι.
2130 1850 2178 1895 8.
2200 1844 2317 1895 init.
2360 1849 2377 1874 ⁶
2396 1846 2505 1895 Re-

1439 1935 1551 1972 mos
1575 1923 1804 1978 uehunt,
1826 1921 2026 1973 ferreas
2059 1937 2240 1973 manus
2262 1930 2317 1972 et
2342 1935 2506 1972 uncos

1439 2006 1760 2064 preparant,
1771 1999 2177 2064 dispositumque
2195 2013 2291 2063 per
2303 1996 2503 2048 tabula-

1441 2082 1496 2127 ts
1548 2076 1765 2127 militem
1811 2084 1955 2127 stare
1998 2074 2220 2127 firmiter
2257 2089 2504 2126 consues-

1439 2150 1601 2203 cunt?
1632 2152 1809 2202 Antis.

1507 2228 1711 2292 Corvos]
1744 2228 2007 2292 Polybius.
2021 2226 2163 2278 Huic
2179 2225 2339 2291 igitur
2360 2227 2503 2290 parti

1437 2311 1735 2354 metuentes
1777 2304 2017 2360 Romani,
2055 2317 2158 2366 qun
2200 2301 2503 2353 ludificandi

1435 2376 1740 2429 facultatem
1779 2379 2081 2443 praeripiant
2112 2378 2269 2434 hosti.
2299 2393 2502 2434 corvos,

1435 2470 1566 2521 quos
1608 2463 1823 2521 possent
1857 2469 2123 2516 revocare,
2160 2455 2374 2518 singulis
2407 2469 2501 2519 ap-

1437 2541 1554 2585 tent
1609 2535 1843 2586 navibus.
1906 2535 1981 2584 Es
2026 2532 2129 2583 suit
2169 2534 2404 2584 maehina
2445 2534 2499 2584 in

1433 2609 1575 2660 hunc
1598 2609 1806 2661 modum
1828 2615 2033 2660 structe
2051 2624 2066 2658 z
2087 2608 2316 2672 ligneum
2339 2609 2500 2660 robur

1437 2686 1493 2736 in
1539 2701 1695 2751 prora
1749 2684 2129 2743 destinabatur,
2170 2686 2499 2749 longitudine

1436 2771 1659 2826 quatuor
1681 2762 1935 2824 ulnarum,
1956 2760 2235 2812 latitudine
2261 2775 2385 2812 vern
2408 2762 2501 2812 tri·

1436 2854 1523 2890 um
1550 2840 1852 2903 palmorum.
1900 2839 2070 2902 Super
2093 2839 2144 2888 id
2171 2838 2328 2889 robur
2349 2838 2500 2889 tabu-

1435 2917 1500 2965 !ae
1556 2915 1869 2966 inhaerentes
1912 2916 2079 2965 sesies
2128 2916 2498 2978 conficiebant,

1436 3005 1650 3056 quarum
1671 2999 1787 3041 eret
1809 2991 2032 3042 latitudo
2048 2991 2237 3055 pedum
2253 3000 2492 3056 quatuor,

1433 3066 1704 3129 longitudo
1728 3068 1961 3117 ulnarum
1981 3081 2106 3117 sex:
2132 3068 2210 3117 hae
2234 3082 2413 3120 rursus
2425 3069 2497 3120 ab
2541 3085 2560 3096 ²

1435 3152 1660 3207 utroque
1682 3143 1855 3194 latere
1878 3157 2046 3205 genua
2067 3142 2296 3208 adusque
2325 3146 2493 3193 muni-

1435 3228 1505 3270 ιω
1552 3228 1719 3277 erant,
1759 3221 1813 3270 iu
1855 3221 2031 3269 harum
2084 3234 2208 3270 vern
2256 3229 2496 3272 extremo

1433 3296 1627 3347 ferrum
1669 3304 1784 3346 erat
1826 3296 1878 3358 in
1918 3296 2089 3346 mallei
2124 3295 2338 3346 formam
2374 3313 2496 3348 acu·

1434 3378 1562 3427 tum,
1593 3372 1914 3435 annulusque
1941 3373 2156 3435 insuper
2176 3370 2304 3422 fune
2326 3373 2497 3437 illige-

1433 3454 1519 3497 tus
1540 3449 1889 3497 imminentem
1925 3449 2213 3499 machinam
2236 3458 2497 3500 sustente-

1434 3524 1555 3575 bat:
1585 3532 1642 3573 ut
1667 3538 1791 3587 ergo
1825 3524 2124 3574 edhaerebat
2147 3526 2370 3576 hostium
2402 3541 2495 3576 na·

1432 3602 1531 3657 vis,
1559 3591 1730 3666 laxate
1755 3599 1879 3649 fune
1900 3601 2052 3649 scalae
2074 3600 2496 3665 dimittebantur,

1431 3676 1629 3727 ferrum
1656 3677 1887 3741 pondere
1921 3692 1985 3727 ae
2018 3680 2066 3727 vi
2101 3679 2300 3729 roboris
2334 3694 2495 3744 super

1428 3752 1670 3803 hostilem
1692 3767 1875 3803 navem
1902 3754 2172 3817 delapsum
2210 3754 2490 3818 figebatur.

1431 3828 1687 3893 Adegium
1724 3836 1898 3889 vetus,
1934 3828 1952 3857 ‘
1973 3830 2057 3879 hic
2088 3844 2273 3881 corvus
2296 3828 2416 3890 est,'
2453 3831 2490 3879 i.

1430 3920 1479 3956 e·
1496 3906 1825 3970 impudicus:
1850 3903 1970 3955 neni
1991 3908 2174 3969 vulgus
2195 3919 2376 3955 corvos
2398 3919 2490 3955 ore

1428 3985 1572 4033 coire
1594 3990 1764 4046 putat.
1813 3982 1975 4030 Mart.
1995 3983 2009 4010 ‘
2026 3982 2193 4031 Corve
2215 3981 2489 4044 salutator,

1428 4073 1591 4122 qnare
1607 4058 1816 4109 fellator
1836 4055 2093 4108 haberis?
2159 4056 2249 4116 Et,
2274 4070 2370 4106 nec
2393 4058 2490 4105 mi·

1427 4149 1546 4195 nus,
1568 4134 1698 4184 trahi
1722 4141 1902 4196 posset
1922 4132 2018 4181 hoc
2038 4130 2367 4195 proverbium
2394 4147 2490 4195 prn

1428 4211 1606 4276 rapaci
1639 4210 1864 4270 homine,
1884 4208 2166 4278 secundum
2190 4208 2316 4256 illud
2339 4209 2488 4259 (ἓτε-

1427 4302 1565 4344 enm,
1599 4284 1885 4350 βωμολόχος
1914 4302 1972 4338 τε
2004 4282 2170 4349 κόλαξ·
2198 4298 2366 4336 corvus
2384 4286 2492 4336 aris
