3025 4934
629 405 909 468 Aun'at..
944 417 1138 466 vlcr.
1193 419 1292 467 na
1336 418 1774 471 cassamus
1821 423 1987 476 car.
2027 423 2096 470 v.

277 556 340 607 ad
379 557 600 623 Diogen.
642 559 817 610 hei-t.
863 569 992 612 ιιι.
1029 575 1070 610 1.
1114 573 1165 624 p.
1202 565 1319 611 545.

279 636 567 701 Posteaque
601 639 889 687 accuratius
931 638 1214 702 descripsit
1245 638 1319 688 A·

278 712 527 762 thanasins
551 714 833 764 Kircberus
856 714 908 763 iu
939 715 1140 766 Munffo
1157 715 1319 765 Subt-

276 800 333 835 ιι.
354 792 432 838 12.
469 790 558 853 qui
582 790 723 839 lucus
752 791 959 839 omnino
979 804 1096 840 cum
1120 790 1206 839 illo
1228 791 1317 839 Se·

275 876 409 912 uecae
450 862 676 913 conferri
733 872 977 920 meretur,
1023 881 1139 914 cum
1180 866 1317 927 apud

274 945 537 1005 utrumque
573 942 754 992 eadem
790 944 1125 1007 phaenomena
1158 957 1317 1007 appa-

273 1024 426 1067 reant.
491 1016 649 1066 Aliud
674 1020 987 1084 exemplum,
1008 1020 1147 1084 quod
1169 1020 1316 1083 hujus

274 1096 429 1143 seculi
465 1109 602 1145 auno
634 1109 735 1146 vn.
769 1096 966 1147 accidit
1007 1112 1073 1146 ex
1103 1097 1319 1147 historia

274 1171 542 1221 academiae
560 1173 716 1234 regiae
737 1172 902 1222 Paris.
918 1173 1136 1236 Expert.
1152 1173 1317 1222 Nien-

272 1248 529 1308 wentitius
555 1247 790 1311 protulit,
813 1256 871 1298 ut
895 1262 978 1296 me
1001 1248 1197 1296 monuit
1217 1260 1318 1298 uon

271 1321 562 1387 infrequens
600 1324 777 1372 barum
814 1323 1113 1373 deliciarum
1148 1325 1318 1374 cultor

272 1398 554 1449 Gulielmus
604 1399 942 1463 Arutzenius,
995 1399 1161 1450 frater
1217 1401 1318 1450 mei

272 1476 660 1525 amantissimus.
689 1475 865 1525 Arntz.

329 1553 358 1615 ς
391 1557 451 1603 13
489 1553 683 1602 Tecrum
696 1553 869 1617 fanus]
900 1554 977 1603 Tu
1000 1554 1116 1604 vide
1138 1567 1204 1603 ne
1227 1569 1318 1603 σει»-

268 1631 412 1677 terrun
450 1630 729 1691 scripserit
772 1631 986 1679 Victor:
1038 1645 1139 1693 quo
1181 1632 1319 1680 enim

268 1708 437 1754 tetrum
477 1707 751 1769 pertinet?
813 1707 958 1755 Mors
1000 1706 1111 1768 ejus
1152 1708 1334 1756 celata·

269 1788 359 1843 est,
415 1783 587 1831 donee
639 1786 779 1831 cirea
823 1796 1167 1833 successorem
1212 1796 1321 1832 om-

266 1858 347 1908 nia
399 1860 784 1910 ordinarentur.
871 1861 1149 1911 Suetonius
1204 1875 1321 1925 cap·

266 1939 342 1983 45.
374 1936 560 1986 Schott.
629 1937 949 1987 Adbaeserim
980 1939 1321 2002 conjectaneo

266 2012 460 2062 Sebotti
495 2015 680 2071 nostri,
709 2020 918 2063 ceterum
940 2015 1111 2074 sunus.
1165 2015 1321 2066 Grut.

269 2089 361 2139 Vel
393 2096 574 2141 tetrum
615 2099 718 2154 est,
749 2093 873 2156 quia
905 2092 1122 2156 indigno
1156 2092 1325 2153 modo,

269 2167 460 2216 scilicet
496 2182 594 2229 per
637 2181 910 2230 venenum,
949 2167 1182 2218 sublatus
1220 2165 1323 2216 fuit

268 2240 537 2304 Claudius3
571 2243 805 2294 similiter
836 2244 853 2271 ‘
880 2244 1202 2292 teterrimum
1234 2257 1322 2304 ge·

267 2332 356 2367 nus
379 2321 545 2368 morbi
563 2318 578 2342 ⁹
600 2328 681 2368 est
697 2320 832 2383 apud
856 2320 1035 2369 valer.
1050 2321 1196 2369 Max.
1216 2334 1253 2369 1.
1277 2322 1326 2367 1.

268 2399 444 2446 est-21.
511 2397 616 2445 Vel
650 2399 821 2459 potins
850 2402 1027 2445 tetrum
1046 2396 1204 2456 sunus
1227 2402 1326 2458 est,

267 2485 376 2520 cum
417 2472 651 2523 cadaver
682 2473 791 2536 jam
833 2474 1160 2537 putredinem
1200 2486 1323 2521 con-

268 2551 502 2612 traxerit,
537 2558 596 2598 et
630 2550 817 2598 malum
846 2549 1062 2599 odorem
1094 2555 1324 2613 spargat.

265 2625 472 2675 Lucret.
494 2642 561 2677 ιι.
588 2630 704 2677 415.
739 2630 756 2657 ‘
782 2628 845 2677 In
877 2642 1030 2677 nares
1062 2628 1323 2677 bominum

267 2715 378 2751 cum
416 2711 563 2752 tetra
594 2703 852 2752 cadavera
886 2703 1120 2753 torrent-⁹
1149 2704 1219 2753 Et
1248 2717 1325 2753 vr.

211 2837 218 2852 ,
267 2781 410 2829 1152.
442 2780 457 2807 ⁸
478 2780 707 2842 Spiritus
730 2793 821 2829 ore
843 2778 979 2828 foras
1003 2786 1195 2829 tetrum
1218 2781 1324 2829 vol-

270 2856 418 2906 vebat
441 2857 677 2917 odorem,
697 2856 933 2906 Baucida
962 2871 1065 2920 quo
1089 2857 1327 2918 perolent

267 2933 500 2995 projecta
549 2932 806 2982 cadavera
829 2930 987 2982 ·ritu.'
1067 2932 1198 2983 Quae
1236 2946 1323 2979 ex-

265 3011 451 3071 positio
474 3025 541 3058 ex
561 3024 624 3058 eo
641 3010 800 3058 etiam
815 3006 1166 3070 confirmatur,
1186 3006 1323 3071 quod

265 3083 414 3147 dicit,
447 3087 463 3115 ‘
487 3085 644 3135 funus
674 3084 763 3135 din
794 3082 956 3133 fuisse
978 3082 1328 3134 occultatum.’

270 3162 443 3211 Arutz.

328 3239 464 3288 CAP.
486 3252 544 3286 v.
568 3238 596 3300 ξ
621 3242 653 3287 2
677 3237 854 3287 Parem
873 3236 1035 3300 uanis]
1069 3237 1324 3289 Quatuor·

270 3312 453 3364 decim.
489 3315 766 3363 Suetonius
789 3312 1007 3363 Claudio
1026 3320 1080 3361 et
1102 3313 1327 3361 Nerone.

270 3388 563 3453 Xipbiliuns
597 3401 755 3437 annos
790 3400 921 3437 1111.
953 3401 1153 3438 menses
1186 3396 1325 3437 octo.

267 3464 451 3514 Paullo
468 3464 641 3514 minus
658 3476 777 3513 xlv.
792 3478 969 3525 anuos,
988 3462 1200 3511 Tacitus
1218 3461 1326 3511 An·

270 3542 372 3589 nal.
409 3541 499 3590 lib.
538 3553 677 3589 xvu.
734 3538 935 3601 Viti-ico,
974 3537 1188 3587 Claudio
1224 3538 1323 3586 sci-

268 3617 404 3667 licet.
438 3617 629 3667 Seuere.
1280 3614 1283 3617 ⁴

329 3692 627 3755 Polemonis]
653 3692 848 3741 Urbem
870 3692 1025 3743 Ostia
1043 3698 1192 3740 tenus
1211 3704 1325 3752 pro·

269 3773 476 3818 movere
540 3769 907 3818 destinaverat.
997 3766 1329 3830 Excogitavit

271 3859 471 3908 quoqne
508 3843 842 3895 aedificiorum
880 3844 1092 3895 formam
1123 3858 1329 3903 novam,

267 3919 535 3971 aedificatis
560 3929 679 3969 ante
703 3922 897 3969 insulas
929 3929 984 3969 et
1005 3919 1184 3968 domos
1212 3932 1327 3980 por·

275 3996 476 4047 ticibus.
492 3997 760 4060 Tranquil.
781 4007 899 4061 cap.
920 3999 1000 4045 16.
1049 3995 1131 4044 De
1149 3995 1328 4045 Ponto

270 4070 640 4124 Polemoniaco
661 4081 714 4122 et
732 4073 921 4123 Cottiis
944 4071 1168 4135 Alpibus
1192 4086 1325 4136 prae-

275 4154 354 4196 ter
388 4147 1018 4211 Plinium,·Arnmianum,
1050 4154 1105 4196 et
1140 4146 1326 4196 Sueto-

274 4222 433 4286 nium,
445 4225 679 4274 meminit
694 4233 751 4272 et
764 4224 1018 4285 Vopiscus
1030 4221 1329 4272 Aureliano.

278 4294 357 4346 Ex
379 4300 588 4351 Victore
610 4300 721 4349 baee
745 4299 877 4349 citat
899 4299 1113 4351 Paullus
1136 4299 1326 4349 Diaco-

1390 574 1485 611 uus
1523 562 1613 614 lib.
1647 575 1711 614 11.
1757 561 2230 625 Lougcbardorum‚
2271 577 2447 626 quam-

1389 654 1564 704 quam,
1597 646 1655 689 nt
1687 639 1810 690 alibi
1845 639 1974 701 dixi,
2008 640 2137 689 editi
2179 640 2294 689 libri
2331 655 2445 691 cor-

1390 724 1546 780 rupte
1582 716 1760 779 legant
1799 716 1908 765 Hos
1945 717 2163 772 dictores,
2208 730 2301 778 pro
2337 716 2446 767 Vie-

1390 793 1509 841 toris
1528 792 1730 842 revincit
1748 793 2026 843 auctoritas.
2057 793 2263 841 Schutt.

1454 869 1483 931 ξ
1517 874 1547 917 5
1592 868 1802 920 Panum
1839 883 1926 931 per
1967 868 2137 931 coetus]
2188 869 2293 917 Pro
2334 870 2448 917 dum

1390 944 1563 994 scribe
1584 960 1690 993 cum
1710 959 1774 994 ex
1798 945 1858 993 iis
1881 960 1995 1008 quae
2017 944 2238 993 diximus
2257 944 2323 994 ad
2343 945 2450 993 Vir.

1390 1018 1478 1068 In.
1499 1035 1618 1083 cap.
1641 1025 1689 1069 8.
1711 1023 1739 1084 ς
1761 1026 1812 1069 4.
1835 1022 2008 1071 Arata.

1453 1096 1620 1161 More]
1670 1097 1914 1146 Fortasse
1954 1095 2247 1160 legendum‘
2266 1098 2451 1146 cunctis

1378 1172 1511 1233 sesto
1551 1176 1765 1225 wllemni
1815 1191 1941 1225 more
1988 1175 2343 1237 celebrantibus,
2392 1184 2452 1225 ut

1391 1252 1671 1301 Suetonius
1713 1266 1829 1315 cap.
1864 1257 1946 1302 28.
1988 1254 2137 1312 dicit,
2169 1252 2185 1279 ‘
2211 1252 2317 1302 Per
2350 1253 2450 1301 sol-

1389 1329 1563 1378 lemne
1577 1331 1871 1392 nuptiarum
1884 1329 2221 1379 celeberrimo
2235 1326 2405 1378 officio
2422 1327 2457 1379 ι’

1392 1405 1497 1467 vel,
1514 1406 1533 1434 ⁶
1551 1405 1617 1454 de
1640 1420 1784 1456 more
1801 1404 2014 1455 celebr-⁹
2034 1406 2170 1470 Sylb.
2206 1405 2311 1455 Sed
2331 1406 2451 1454 sim·

1392 1481 1601 1541 pliciter
1620 1496 1748 1531 more
1770 1496 1866 1546 pro
1890 1488 1907 1511 ⁸
1928 1482 1995 1530 de
2017 1482 2197 1542 more,’
2219 1488 2234 1509 ‘
2250 1482 2450 1531 solenni

1391 1556 1571 1619 more,'
1614 1557 1718 1606 dici
1755 1558 1937 1607 docuit
1960 1560 2070 1621 jam
2105 1559 2354 1609 Heinsius
2383 1558 2451 1609 ad

1393 1632 1604 1682 Pboedr.
1628 1633 1755 1682 Fab.
1779 1647 1818 1683 1.
1841 1637 1918 1684 12.
1951 1634 2126 1685 Arata.

1457 1709 1606 1760 Lecto
1647 1725 1709 1759 ex
1751 1710 1985 1774 omuibus]
2039 1710 2348 1773 Doryphoro
2390 1710 2454 1759 li·

1395 1784 1565 1841 berto,
1604 1786 1817 1835 Sueton.
1837 1801 1952 1849 cap.
1973 1790 2055 1835 29.
2099 1786 2452 1850 Pythagoram

1392 1863 1603 1911 Tacitus
1639 1862 1826 1913 Annal.
1866 1863 1955 1913 lib.
1981 1876 2076 1913 κν.
2111 1871 2263 1911 vocat
2295 1877 2451 1911 uuum

1396 1940 1572 1988 exilio
1595 1940 2055 1989 contaminatorum
2088 1952 2243 2001 grege
2277 1940 2453 1988 exole-

1396 2021 1585 2064 torum.
1623 2015 1812 2065 Schott.
2184 2059 2188 2068 .

1459 2093 1488 2155 ξ
1521 2096 1556 2141 6
1590 2092 1872 2148 Nor-rantur
1891 2093 2068 2141 scelera
2090 2088 2324 2152 Neronis]
2355 2089 2450 2138 Lo-

1396 2181 1486 2216 cus
1507 2166 1599 2215 diu
1620 2181 1713 2215 nos
1735 2166 1885 2216 torsit
1903 2183 1917 2215 ι
1946 2166 2216 2215 veritatem
2242 2163 2455 2214 taudem

1396 2241 1484 2290 diu
1508 2244 1824 2305 multumque
1847 2242 2134 2306 quaesitam,
2159 2248 2217 2290 ut
2238 2240 2328 2289 ille
2347 2240 2453 2289 cla·

1397 2319 1592 2373 mabat,
1602 2316 1789 2382 εὕρηκα,
1802 2319 2054 2380 glossema
2068 2317 2303 2367 nimirum
2322 2331 2456 2374 esse,

1398 2394 1534 2456 quod
1558 2402 1681 2442 nuta
1713 2394 1882 2457 culpae
1914 2394 2100 2443 damna
2135 2401 2190 2442 et
2226 2393 2455 2444 obelisco

1394 2470 1533 2519 fode.
1564 2470 1751 2519 Schott.
1803 2470 1963 2532 [Vide
1984 2470 2160 2520 Lectt.
2181 2467 2324 2531 Van]

1462 2548 1490 2609 §
1523 2549 1555 2595 7
1590 2546 1856 2595 Noxiorum
1900 2546 2074 2595 vinctis
2114 2541 2267 2609 modo,
2312 2546 2457 2609 pelle]

1396 2616 1738 2685 Transposita
1771 2622 1899 2670 dure
1937 2629 1992 2670 ut
2033 2623 2161 2670 alias
2198 2636 2301 2670 non
2337 2635 2456 2669 raro

1399 2713 1494 2762 pro
1537 2698 1787 2750 noxiorum
1826 2700 1962 2747 modo
2014 2698 2208 2753 vinctis,
2261 2697 2315 2744 id
2370 2706 2455 2745 est

1395 2788 1557 2823 more.
1619 2773 1829 2823 Amicus
1860 2772 2068 2837 quidam
2102 2771 2244 2821 meus
2278 2772 2353 2820 sic
2377 2772 2456 2819 in-

1397 2850 1776 2914 terpungebat:
1809 2850 2059 2898 noxiorum
2095 2849 2288 2904 vinctis.
2320 2850 2455 2897 modo

1382 2927 1527 2986 seroe,
1550 2927 1670 2988 pelle
1708 2930 1886 2974 tectus.-
1919 2939 2022 2973 non
2055 2925 2327 2988 improbo;
2362 2925 2456 2972 sed

1396 3002 1524 3051 illud
1547 3002 1709 3064 magis
1734 3002 1799 3052 ad
1817 3001 1944 3048 editi
1967 3000 2209 3049 breviarii
2232 3015 2456 3061 sensum,

1398 3086 1454 3126 et
1473 3077 1728 3140 Suetonii,
1749 3078 1834 3139 qui
1857 3076 1921 3124 ad
1947 3077 2180 3137 stipitem
2206 3075 2456 3138 deligatos

1397 3167 1497 3203 nou
1536 3160 1711 3202 tamen
1745 3161 1917 3200 sontes
1952 3151 2112 3201 fuisse
2152 3151 2245 3202 ait.
2312 3152 2452 3204 Quid

1397 3228 1440 3278 si
1460 3230 1596 3278 modo
1628 3230 1757 3278 lusus
1786 3229 2058 3291 scripserit
2078 3228 2283 3285 Victor,
2316 3228 2455 3293 quud

1400 3316 1581 3372 postea
1624 3322 1655 3355 a
1693 3305 1901 3355 librario
1941 3305 2182 3357 omissum
2224 3306 2326 3355 sit?
2367 3305 2456 3356 Sic

1398 3385 1537 3435 euim
1582 3384 1913 3447 Tranquillus
1955 3397 2075 3445 cap.
2117 3387 2201 3432 29.
2252 3384 2268 3409 ‘
2293 3381 2456 3433 Quasi

1399 3474 1562 3524 genus
1616 3461 1754 3509 lusus
1809 3460 2134 3520 excogitaret
2198 3466 2456 3520 quatenus

1398 3537 1529 3587 ferae
1568 3538 1704 3600 pelle
1752 3543 2020 3584 contectus
2067 3534 2393 3583 emitteretur
2425 3547 2458 3582 e
2492 3597 2497 3601 ι

1402 3612 1594 3662 cavea-⁹
1627 3612 1886 3661 Sustiueo.
1950 3609 2079 3659 Mox
2112 3615 2323 3658 exsector
2356 3624 2457 3658 mu-

1398 3690 1525 3738 rium
1546 3687 1861 3752 conjiciebat
1883 3686 2111 3736 eruditus
2122 3685 2332 3748 juvenis
2356 3687 2458 3733 Pe-

1401 3772 1512 3813 trus
1558 3765 1853 3812 Pontinus:
1906 3761 2037 3811 nibil
2083 3768 2254 3809 tamen
2299 3769 2460 3811 muto.

1398 3840 1587 3889 Schott.
1653 3839 1808 3888 Hunc
1839 3839 2010 3888 locum
2034 3837 2217 3885 melius
2240 3838 2459 3897 exponit

1398 3930 1623 3965 summus
1646 3915 1939 3964 Gronovius
1963 3912 2096 3961 Obs.
2113 3926 2152 3960 1.
2171 3916 2221 3961 8.
2254 3911 2425 3960 Arntz,

1465 3994 1494 4056 ς
1513 3995 1576 4040 10
1596 3991 1904 4053 Nequaquam
1911 3990 2201 4038 verecundia*
2217 3985 2457 4048 externa]

1403 4066 1571 4117 Locus
1612 4066 2062 4130 corruptissimus:
2105 4065 2325 4113 accessit
2356 4077 2458 4112 nou

1402 4158 1532 4194 unus
1555 4142 1803 4200 medicus,
1839 4141 1927 4190 sed
1957 4140 2044 4204 qui
2081 4147 2249 4188 tamen
2275 4153 2457 4203 parum

1394 4221 1537 4284 juvit
1580 4218 1813 4269 adfectas
1869 4233 2038 4274 voces,
2093 4231 2207 4265 mea
2250 4217 2456 4279 quidem

1401 4296 1695 4350 sententia:
1731 4294 1936 4345 interim
1959 4300 2178 4358 apparet
2208 4291 2334 4346 illud
2372 4306 2456 4340 ex.-
