3025 4934
452 296 583 361 664

448 460 564 505 581.
620 456 867 507 Ceterum
891 452 1164 507 Kencben.
1186 456 1261 507 ad.
1278 456 1513 506 Frontin.

447 534 610 582 Strat.
656 547 721 582 ιι.
760 539 809 584 5.
855 548 939 583 ex.
974 537 1024 582 7.
1060 548 1155 597 per
1193 530 1513 582 ‘latronem'

447 610 701 673 iutelligit
746 610 962 661 militem
1009 609 1252 659 mercede
1289 610 1514 660 conduc·

451 693 583 734 tum.
637 686 830 735 Verum
866 693 964 748 est,
997 684 1119 735 olim
1152 686 1343 735 milites
1382 699 1513 734 mer·

448 760 581 811 cede
604 761 888 812 conductos
910 765 926 791 ⁸
945 759 1199 811 latrones’
1221 761 1381 811 fuisse
1403 762 1512 812 dic-

449 848 549 895 tos,
574 827 633 888 ut
667 845 786 904 post
810 839 1065 904 Scaliger.
1097 840 1275 890 docuit
1299 838 1512 889 Abram.

448 915 516 963 ad
538 915 707 964 Cicer.
742 930 837 979 pro
862 916 978 965 Mil.
1009 929 1125 978 cap.
1145 919 1195 965 4.
1262 915 1367 965 Sed
1404 930 1509 965 uon

446 995 567 1045 ideo
609 994 721 1045 haec
755 1010 856 1046 vox
900 994 1093 1059 ubique
1127 1009 1191 1044 eo
1234 1009 1388 1043 sensu
1427 1001 1511 1045 est

446 1070 774 1135 exponenda.
837 1072 1199 1121 Merceuarius
1231 1072 1378 1120 miles
1406 1085 1509 1121 nou

444 1145 565 1206 fuit,
589 1139 728 1204 'cum
772 1147 883 1209 ipse
929 1160 994 1195 ex
1034 1146 1304 1196 Lusitania
1337 1156 1509 1197 ortum

446 1222 684 1286 duceret,
710 1232 766 1272 et
799 1238 1079 1288 numquam
1118 1224 1363 1274 mercede
1385 1240 1508 1275 con·

446 1301 659 1364 ductus,
691 1302 783 1351 sed
827 1316 1034 1365 semper
1072 1302 1279 1360 ‘latro,’
1310 1304 1361 1353 id
1406 1311 1507 1366 est,

445 1375 728 1441 praedator,
768 1378 1039 1428 insidiator
1062 1382 1376 1443 appellatur.
1424 1382 1509 1432 Li·

444 1454 513 1502 vii
539 1453 680 1517 Epit.
713 1454 804 1505 lib.
827 1468 925 1505 Lu.
980 1455 1160 1505 Florus
1182 1469 1248 1505 ιι.
1276 1461 1356 1507 17.
1379 1461 1407 1522 §
1431 1462 1510 1508 15.

442 1530 581 1580 Vell.
605 1543 667 1580 ιι.
692 1536 741 1581 l.
762 1534 791 1596 §
815 1536 865 1581 3.
916 1533 1072 1582 Oros.
1092 1546 1146 1581 v.
1168 1537 1220 1583 4.
1244 1541 1300 1582 et
1323 1535 1510 1584 elarius

442 1603 497 1654 id
532 1613 742 1656 constat
776 1621 843 1657 ex
881 1607 1051 1658 Cicer.
1087 1607 1154 1657 de
1190 1607 1296 1658 Off.
1328 1622 1391 1659 ιι.
1429 1614 1509 1659 ll.

442 1680 621 1735 Arata.
909 1723 912 1728 -

513 1761 575 1809 C·
618 1760 903 1826 Nigidium]
943 1762 1001 1809 G.
1041 1761 1278 1811 Vilidium
1308 1762 1513 1826 reponit

442 1834 801 1897 Lycostbenes
823 1853 890 1886 ex
916 1837 1079 1894 Livio,
1097 1837 1308 1900 Orosio,
1330 1844 1385 1888 et
1406 1839 1510 1889 Eu·

442 1912 637 1976 tropio.
697 1915 756 1962 C.
799 1913 1004 1963 Vetilius
1039 1913 1124 1978 (ut
1160 1921 1310 1965 vocat
1346 1915 1511 1979 Appi-

441 2002 572 2038 anus
607 1990 658 2038 iu
692 1990 929 2049 Ibericis,
976 1992 1061 2040 vel
1096 1992 1173 2042 Μ.
1207 2000 1268 2042 nt
1296 1993 1512 2043 Liviana

445 2064 722 2129 Epitoma)
760 2077 883 2118 ante
914 2068 993 2117 Cl.
1032 2069 1342 2120 Unimanum
1366 2088 1396 2121 a
1421 2073 1512 2121 Vi·

442 2133 608 2191 riatho
631 2150 820 2205 captus
842 2153 895 2193 et
913 2143 1227 2195 interfectus
1241 2154 1337 2197 est.
1373 2148 1512 2199 Livi·

442 2232 523 2273 us,
544 2217 827 2281 Diodorus,
841 2218 1133 2283 Appianus,
1152 2222 1369 2272 Orosius
1383 2223 1511 2288 fuga

445 2293 677 2343 evasisse
716 2296 810 2344 ait.
844 2296 1034 2346 δώσει.
1101 2298 1363 2361 Nigidium
1392 2302 1510 2350 abs·

445 2383 546 2433 que
567 2370 672 2418 ulla
693 2372 949 2422 varietate
980 2374 1034 2422 in
1069 2374 1305 2425 omnibus
1330 2376 1511 2440 script.

445 2445 701 2516 etveditis.
738 2447 854 2500 Nec
887 2449 1131 2500 Vetidium
1153 2452 1368 2516 recipio,
1390 2468 1509 2502 cum

442 2522 535 2572 ille
576 2528 923 2588 praecesserit‚
958 2536 1014 2577 et
1046 2536 1167 2578 aute
1198 2530 1510 2586 Unimanum

443 2597 610 2666 fuerit
647 2602 835 2651 victus.
902 2603 1158 2653 Fortasse.
1182 2605 1360 2654 clades
1398 2591 1512 2655 haic

443 2676 660 2726 minoris
702 2677 808 2728 fuit
852 2682 1117 2736 momenti,
1151 2690 1213 2731 nt
1247 2696 1361 2731 eam
1394 2696 1510 2731 cum

444 2752 656 2802 nomine
673 2752 824 2804 ducis
841 2756 988 2804 simul
1010 2756 1219 2807 silentio
1231 2757 1512 2809 involverit

447 2828 747 2891 antiquitas.
781 2832 957 2883 Arutz.

514 2906 789 2972 Oppressit]
822 2909 909 2959 De
929 2910 1239 2973 praetoribus
1259 2926 1339 2963 lv.
1362 2913 1511 2965 caesis

443 2982 568 3033 vide
591 2983 914 3049 Appianum,
947 2993 1002 3037 et
1029 2989 1238 3039 Florum
1262 3004 1326 3041 ιι.
1353 2994 1435 3041 17.
1454 2981 1511 3041 et

446 3059 709 3123 Epitomae
734 3060 827 3111 lib.
849 3076 948 3112 Lu.
979 3063 1166 3114 δώσει.
1191 3065 1319 3116 Not.
1341 3067 1476 3118 Min.

512 3137 541 3199 ᾧ
574 3140 608 3186 2
639 3136 686 3185 Α
726 3135 939 3200 Popilio]
974 3139 1145 3189 Locus
1177 3141 1314 3191 haud
1353 3142 1510 3194 dubie

444 3212 746 3275 mendosus,
765 3214 945 3278 quales
969 3215 1021 3263 in
1044 3216 1142 3266 boc
1165 3224 1379 3268 anctore
1401 3220 1510 3269 ani·

445 3286 708 3339 madverti
743 3291 1030 3353 plurimos;
1065 3292 1351 3355 scripserat
1372 3295 1512 3347 illea

440 3378 552 3427 pop.
575 3365 719 3413 Rom.
745 3364 937 3415 factum
960 3373 1044 3416 est
1067 3382 1097 3417 a
1120 3371 1511 3433 corruptoribus

441 3456 478 3489 sn
502 3440 712 3503 Popilio.
778 3441 827 3491 0
865 3440 1062 3491 facinus
1097 3443 1395 3507 indignum!
1431 3462 1508 3496 er-

447 3530 584 3580 gone
629 3516 765 3581 quod
807 3518 959 3579 libet,
1003 3520 1166 3570 licet?
1238 3522 1513 3587 Appianus

446 3600 679 3641 nostram
722 3595 1033 3643 seutentiam
1065 3596 1355 3649 confirmat.
1422 3600 1512 3649 Sic

448 3667 584 3715 enim
640 3668 826 3717 Latine
882 3670 1139 3734 loquitur:
1197 3673 1214 3701 ‘
1242 3674 1512 3724 Viriathus

444 3743 720 3807 eruptione
759 3744 904 3795 facta
935 3750 1220 3797 exercitum
1257 3750 1325 3801 Q.
1366 3751 1514 3801 Fabii

446 3817 717 3870 Serviliaui
744 3824 1050 3885 proconsule
1074 3823 1246 3875 fratris
1270 3826 1368 3875 Cn.
1389 3827 1512 3876 Ser·

446 3896 556 3946 vilii
603 3897 864 3962 Caepionis
908 3900 1133 3949 consulis
1167 3915 1287 3950 ann.
1331 3915 1511 3951 nexu.

444 3971 681 4034 fugavit:
714 3988 813 4024 nec
842 3975 1073 4025 secunda
1096 3976 1305 4026 fortuna
1321 3979 1512 4043 elatus,

448 4062 565 4096 curn
589 4048 858 4100 honestam
883 4050 1095 4099 finiendi
1129 4052 1248 4101 belli
1280 4055 1512 4103 occasio·

446 4139 564 4174 nem
587 4119 815 4176 oblatam
849 4127 1189 4191 intelligeret,
1214 4144 1394 4191 pacem
1430 4131 1510 4181 bis

448 4201 836 4253 conditionibus
880 4203 1057 4268 petiit,
1094 4211 1152 4255 ut
1186 4206 1296 4269 ipse
1340 4207 1510 4257 socius

1149 311 1368 363 No'rAE
1414 311 1823 362 vammum
1874 312 1959 361 m

1590 457 1770 520 populi
1795 457 2010 506 Romani
2041 463 2202 514 esset,
2237 458 2429 524 quique
2453 465 2649 509 sectam

1592 548 1734 584 suam
1755 536 1958 599 sequuti
1975 523 2147 594 essent
2161 552 2177 597 ς
2193 552 2308 601 quae
2326 538 2544 601 quisque
2566 539 2651 586 ba·

1590 610 1759 674 beret,
1783 619 1989 661 teneret
2010 628 2022 656 =
2049 626 2165 674 quae
2193 628 2226 661 a
2249 613 2439 677 populo
2465 616 2651 663 Roma-

1590 703 1658 738 no
1676 703 1779 752 pax
1802 687 2103 738 confirmata
2120 689 2241 740 est.'
2307 688 2522 740 Amicus
2545 693 2656 755 qui·

1589 766 1707 817 dam
1751 782 1895 817 meus
1951 768 2195 817 mendum
2241 767 2510 830 odoratus,
2561 783 2656 833 pro

1590 844 1801 908 Popilio,
1832 843 1979 893 libris
2001 845 2130 894 Mss.
2166 844 2455 894 destitutus
2479 860 2656 896 emen-

1587 920 1749 972 dabat
1786 923 1994 978 Quincto
2027 922 2180 973 Fabio
2203 924 2494 974 Sanitium.
2523 926 2540 952 ‘
2561 922 2657 971 M!

1586 999 1727 1048 enim
1780 1001 1798 1028 ⁴
1820 1000 2085 1064 Popilium
2102 1000 2118 1022 ²
2172 1001 2440 1049 Laenatem
2494 1000 2657 1049 tertio

1588 1082 1705 1138 post
1751 1089 1889 1125 auno
1940 1089 2136 1128 ncxtv.
2184 1077 2447 1126 consulem
2489 1074 2657 1125 fuisse

1585 1153 1906 1201 meminerat.
1939 1152 2134 1201 Verum
2155 1165 2256 1201 uon
2282 1151 2486 1215 lougius
2513 1167 2545 1201 a
2568 1165 2656 1201 ve·

1586 1243 1646 1278 ra
1691 1230 1953 1293 scriptura
1998 1229 2258 1278 abeamus.
2322 1228 2473 1278 Idem
2507 1241 2656 1278 error

1585 1305 1639 1355 in
1655 1305 1795 1356 Flori
1823 1306 2172 1358 Historiarum
2196 1306 2326 1354 Mss.
2344 1304 2435 1354 lib.
2453 1317 2516 1353 ιι.
2533 1302 2656 1357 fuit.

1587 1381 1641 1430 in
1664 1381 1849 1443 quibus
1871 1391 1953 1431 est
1973 1381 2208 1445 Pompilio
2231 1381 2312 1429 vel
2339 1380 2536 1442 Popilio
2558 1394 2653 1444 pro

1586 1457 1791 1507 Servilio
1829 1458 2067 1521 Coepione,
2101 1458 2190 1522 qui
2216 1456 2515 1505 Viriathum
2538 1470 2656 1519 pro-

1587 1531 1789 1583 ditione
1829 1533 2248 1592 interficiendum
2297 1535 2503 1582 curavit
2531 1548 2546 1581 ι
2578 1533 2653 1582 le·

1587 1610 1810 1673 gendum
1835 1610 1971 1660 enim
1996 1610 2068 1658 ibi
2086 1611 2169 1658 sed
2188 1626 2218 1657 a
2240 1609 2450 1658 Servilio
2471 1609 2653 1658 violato

1585 1686 1790 1736 victorio
1811 1692 1900 1736 est.
1933 1686 2132 1735 Schott.
2178 1685 2453 1735 Palatinus
2473 1692 2654 1734 noster

1586 1777 1718 1812 tinus
1759 1763 1917 1812 etiam
1958 1779 1993 1812 a
2018 1764 2206 1826 populo,
2242 1762 2339 1811 nisi
2375 1762 2513 1826 quod
2548 1774 2652 1811 uon

1586 1838 1779 1889 babeat
1805 1840 2034 1888 Ronmo.
2102 1839 2166 1888 In
2187 1839 2353 1888 altero
2377 1845 2493 1887 erat
2508 1838 2655 1887 oPo-

1579 1916 1716 1978 pilio.
1752 1914 1910 1965 Grut.
1976 1916 2175 1965 Schotti
2212 1914 2509 1964 emendatio
2544 1915 2655 1976 pla-

1585 1993 1697 2043 cuit
1717 1993 1874 2042 etiam
1897 1992 2115 2043 Graevio
2136 1990 2204 2040 ad
2227 1991 2364 2040 Flor.
2384 2004 2446 2040 ιι.
2470 1989 2654 2041 laun.

1586 2084 1617 2117 a
1640 2069 1833 2131 Popilio
1855 2076 2030 2118 tamen
2059 2067 2263 2118 Boeud.
2293 2065 2438 2123 Leid.
2462 2070 2507 2115 1.
2530 2061 2652 2116 edd.

1587 2144 1761 2193 Maeli.
1780 2145 1904 2194 Ald.
1923 2148 2025 2195 διο.
2070 2143 2117 2194 Δ
2130 2145 2302 2208 populo
2324 2150 2548 2214 quatuor
2572 2156 2653 2191 re·

1586 2221 1733 2284 liqui,
1776 2236 1894 2271 oiim
1929 2219 2152 2284 Agripp.
2193 2226 2250 2269 et
2287 2219 2515 2270 Veneta.
2545 2219 2653 2268 Po·

1586 2298 1687 2347 tuit
1729 2299 1928 2347 Noster
1972 2305 1988 2328 ⁸
2022 2292 2302 2361 populum'
2343 2295 2655 2359 simpliciter

1589 2374 1828 2437 accipere
1851 2388 1944 2437 pro
1964 2372 2158 2437 populo
2185 2372 2437 2432 Romano,
2460 2372 2535 2421 uti
2557 2386 2656 2420 sm-

1584 2463 1654 2518 pe
1677 2449 1897 2516 Romani
1915 2449 2219 2511 scriptores,
2242 2446 2371 2497 side
2393 2446 2547 2497 rebus
2570 2461 2656 2495 ur-

1589 2525 1736 2575 banis
1761 2527 2055 2590 loquantur.
2089 2522 2267 2573 Amata.

1652 2604 1723 2655 Et
1747 2618 1854 2651 cum
1875 2602 1975 2651 olio
1994 2601 2218 2665 dedisset,
2252 2605 2301 2651 et
2320 2615 2457 2651 orma
2473 2599 2653 2650 retine·

1585 2680 1775 2743 rentur]
1807 2679 1872 2728 In
1896 2678 2022 2726 Mss.
2044 2679 2115 2727 Et
2137 2692 2244 2727 oum
2262 2677 2413 2725 Italia
2428 2676 2653 2726 decessis-

1583 2759 1659 2803 set
1681 2759 1731 2804 et
1750 2770 1920 2805 aarum
1947 2758 2206 2819 peteretur.
2273 2754 2441 2804 Quam
2470 2752 2654 2801 lectio-

1585 2843 1704 2880 nem
1749 2831 2046 2893 probarem,
2079 2827 2174 2879 sed
2207 2829 2259 2877 iu
2292 2829 2448 2879 Italia
2484 2828 2655 2877 Viria-

1585 2906 1730 2956 thum
1773 2905 1931 2955 suisse
1976 2920 2079 2955 non
2122 2911 2268 2967 puto.
2322 2904 2476 2955 Fecit
2518 2903 2653 2953 hauc

1585 2995 1766 3047 pacem
1807 2983 1875 3033 Q.
1908 2981 2100 3032 Fabius
2132 2980 2448 3030 servilianus
2484 2980 2652 3040 aequis

1584 3058 1971 3109 conditionibus
1992 3058 2045 3106 iu
2075 3055 2364 3117 Lusitania,
2385 3069 2503 3104 cnm
2529 3055 2655 3104 His-

1585 3137 1769 3199 panias
1813 3149 1909 3198 pro
1935 3133 2145 3183 consule
2168 3130 2560 3181 administraret
2585 3130 2654 3180 Α.

1583 3212 1652 3260 U.
1693 3212 1753 3262 C.
1785 3223 1962 3260 nexu.
2010 3210 2128 3259 Nec
2162 3207 2423 3256 Viriathus
2457 3207 2651 3256 bellum

1585 3288 1875 3347 renovavit,
1899 3285 1991 3335 sed
2016 3284 2197 3347 Caepio
2230 3282 2416 3345 frater,
2448 3290 2504 3334 et
2533 3298 2649 3334 suc·

1584 3378 1760 3418 caesor
1778 3362 2078 3423 serviliani,
2097 3373 2306 3411 nexur-
2340 3361 2524 3410 Cicero
2551 3359 2651 3410 Of·

1585 3439 1671 3489 fic.
1691 3440 1782 3489 lib.
1804 3453 1865 3489 11.
1889 3445 1904 3467 ‘
1923 3438 2097 3487 Multo
2115 3437 2340 3500 majores
2361 3452 2489 3502 opes
2510 3437 2651 3486 Viri-

1585 3515 1737 3566 athus
1762 3515 2035 3568 Lusitanus
2057 3514 2192 3562 latro
2214 3514 2414 3569 babuit,
2431 3513 2515 3564 cui
2538 3514 2651 3578 qui·

1587 3591 1704 3641 dem
1739 3589 2195 3644 etiamvexercitus
2232 3590 2398 3639 nostri
2429 3592 2651 3652 impera·

1589 3675 1833 3732 toresque
1853 3672 2154 3715 cesserunt:
2179 3680 2332 3728 quem
2352 3665 2412 3714 C.
2438 3665 2650 3727 Laelius,

1587 3744 1631 3793 is
1655 3744 1743 3808 qni
1764 3746 1968 3808 sapiens
1991 3750 2293 3805 usurpatur,
2319 3750 2513 3805 praetor
2543 3741 2651 3792 fre⁶

1587 3822 1667 3884 git
1710 3828 1765 3870 et
1807 3820 2113 3869 comminuit
2138 3834 2155 3879 ς
2215 3818 2648 3882 ferocitatemque

1587 3898 1700 3961 ejus
1726 3897 1801 3946 ita
1820 3897 2091 3959 repressit,
2110 3902 2170 3943 ut
2187 3893 2343 3943 facile
2356 3893 2550 3943 bellum
2570 3908 2649 3942 re-

1584 3973 1740 4037 liquis
1764 3970 2031 4022 traderet.'
2067 3971 2255 4020 Scitote.
2294 3972 2424 4021 Mss.
2447 3971 2651 4020 Sebotti

1584 4052 1670 4100 hic
1707 4065 1858 4100 error
1891 4056 1974 4098 est
2009 4054 2238 4113 apertus,
2272 4061 2434 4112 quare
2465 4047 2649 4095 melius

1587 4135 1800 4179 tuentur
1831 4132 2101 4188 receptam
2138 4139 2318 4179 omues
2347 4124 2429 4172 vel
2463 4123 2648 4184 scripti

1586 4204 1671 4255 vel
1701 4202 1848 4260 editi.
1915 4202 2036 4253 Nec
2068 4199 2319 4253 debuerat
2349 4199 2402 4249 in
2439 4198 2645 4248 dedidis-
