3025 4934
533 386 666 456 828

538 546 955 613 proficiscantur,
986 547 1182 613 quibus
1223 562 1367 612 saepe
1406 562 1502 612 pro
1537 563 1603 601 eo

537 640 602 678 ae
631 625 795 676 debet
817 641 919 676 nou
955 627 1231 677 adhibetur
1254 624 1405 681 fides.
1472 626 1606 676 Lac·

537 702 739 752 tentius
762 702 830 753 de
854 703 1018 753 Mort.
1037 704 1256 754 Perseo.
1277 707 1428 756 0029..
1472 702 1489 731 ‘
1514 701 1607 752 In·

535 778 740 843 perium
783 780 986 829 Licinio
1027 779 1179 829 daret
1220 779 1508 829 substituto
1554 779 1605 827 in

533 854 717 905 Severi
738 856 852 906 loeo
870 873 884 907 ε
903 855 918 878 ’
952 856 1039 906 ubi
1060 855 1414 908 tumultuarit
1429 869 1606 919 operm

536 919 692 980 facile
735 931 932 994 tribuo,
984 932 1123 998 quod
1169 932 1222 981 ιἰι
1263 933 1414 998 locum
1455 931 1607 982 nobis

537 1006 895 1058 emendaverit
916 1008 1148 1061 Jacobus
1169 1010 1380 1060 Tollius.
1437 1010 1608 1072 Supra

535 1084 591 1134 iu
617 1083 730 1133 Vir.
752 1085 837 1135 Ill.
859 1100 910 1137 c.
935 1080 1013 1135 15.
1037 1087 1065 1150 ξ
1090 1089 1136 1135 1.
1190 1086 1208 1114 ‘
1233 1087 1372 1137 Quia
1407 1087 1460 1136 in
1492 1086 1608 1138 loco

534 1160 831 1225 Tricipitini
849 1163 1067 1226 collega
1083 1165 1350 1214 consulem
1368 1178 1468 1213 non
1485 1164 1608 1213 stib-

537 1246 818 1300 rogaverat
834 1237 871 1289 ι’
912 1239 988 1289 ita
1008 1241 1215 1290 invenio
1236 1241 1287 1289 iu
1312 1238 1429 1289 cod.
1458 1241 1607 1290 ehar-

537 1318 708 1376 taceo,
742 1327 917 1379 quem,
966 1324 1240 1381 postquam
1267 1317 1379 1380 jam
1421 1317 1510 1367 ille
1546 1318 1608 1367 li·

534 1388 703 1439 bellus
731 1391 870 1456 typis
893 1400 1008 1443 erat
1043 1408 1340 1458 expressus,
1363 1395 1487 1445 mihi
1516 1396 1605 1445 ob·

535 1465 658 1515 tulit
678 1466 733 1519 J.
754 1467 892 1520 Phil.
909 1469 1216 1533 Dorvillius‚
1237 1471 1318 1520 vir
1338 1485 1441 1521 non
1466 1472 1608 1522 varia

532 1533 852 1606 eruditione,
869 1559 1024 1610 quam
1041 1545 1164 1596 vitoe
1184 1546 1449 1610 elegantia
1465 1563 1606 1598 com·

534 1619 853 1670 mendatior.·
928 1622 1172 1686 Hyginus
1219 1621 1326 1674 fab.
1378 1638 1605 1676 Lxxvn.

532 1695 771 1766 fPostea
803 1696 954 1748 Jovis
990 1701 1042 1749 in
1083 1700 1352 1750 stellarum
1392 1715 1606 1753 numero

535 1772 760 1847 retulit?
820 1774 929 1824 Sed
951 1777 1118 1827 multa
1155 1778 1343 1828 similia
1367 1777 1606 1842 proferre

534 1857 675 1900 esset
698 1851 856 1901 bonas
891 1852 1044 1904 horas
1070 1854 1313 1919 perdere.
1379 1855 1605 1908 Salonia-

533 1941 648 1976 num
664 1927 749 1978 bic.
765 1927 1049 1980 defendunt
1066 1946 1245 1981 omues
1259 1933 1414 1983 codd.
1428 1934 1605 1986 Arm.

600 2003 735 2054 Mat.
765 2006 941 2072 specie]
976 2008 1080 2058 Pro
1102 2010 1255 2072 specie
1291 2021 1471 2074 posset
1500 2012 1604 2075 legi

532 2093 633 2141 spe·
702 2082 852 2133 Illam
874 2086 1250 2148 sollicitaverat
1271 2101 1336 2137 ea
1357 2102 1472 2152 spe,
1486 2086 1605 2139 fore

534 2163 597 2204 ιιι
620 2156 899 2222 aliquando
923 2175 1136 2210 uxorem
1163 2162 1400 2215 duceret.
1426 2163 1606 2214 Livius

535 2242 723 2281 xxvu.
746 2238 830 2284 31.
864 2236 1005 2300 ‘Spe
1029 2238 1288 2300 regiarum
1309 2241 1605 2301 nuptiarum

535 2301 590 2355 iu
648 2308 1013 2361 Macedoniam
1061 2321 1329 2376 asportata
1386 2314 1609 2367 fueratss

539 2382 1275 2450 Ovid.Epist.Heroid.v111.
1302 2394 1417 2441 178.
1450 2393 1607 2443 ‘Pro

537 2473 632 2521 spe
676 2462 904 2525 conjugii
955 2469 1199 2528 tempora
1249 2481 1406 2530 parva
1448 2469 1609 2532 peto-³

534 2536 759 2588 Metam.
782 2552 886 2590 ιιι.
913 2545 1029 2590 505.
1075 2543 1223 2595 ‘Qui
1266 2551 1441 2595 tantus
1470 2555 1608 2604 erat,

534 2611 571 2664 J
577 2628 758 2663 iunonis
780 2623 837 2665 ut
853 2617 973 2666 altae
988 2618 1025 2667 S
1033 2632 1149 2681 pem
1165 2622 1420 2682 caperet.'
1453 2623 1607 2673 Clau

536 2679 680 2738 dian.
704 2690 923 2754 Gigant.
958 2707 1034 2744 vs.
1055 2697 1142 2744 40.
1190 2696 1206 2723 ‘
1230 2696 1337 2746 Hic
1365 2695 1461 2746 sibi
1489 2713 1609 2763 pro-

536 2768 706 2818 mittit
756 2769 1037 2830 Venerem,
1083 2783 1367 2840 speratque
1413 2778 1607 2827 Diauae

537 2837 871 2909 Conjugium,
902 2854 1199 2913 castamque
1235 2851 1386 2913 eupit
1414 2852 1608 2902 violare

536 2921 889 2974 Minervam:
922 2925 1010 2974 ubi
1044 2933 1219 2977 tamen
1255 2926 1502 2993 spiratque
1526 2944 1610 2980 re·

535 2998 680 3078 cepit
704 2999 973 3060 Heinsius,
1014 3017 1190 3053 verum
1234 3006 1448 3068 vulgata
1486 3006 1609 3057 ideo

526 3079 918 3136 ⁴eontemuenda
936 3094 1041 3129 non
1063 3086 1162 3131 est.
1198 3081 1318 3131 Hoc
1343 3097 1468 3133 vero
1491 3084 1609 3136 loeo

534 3154 688 3218 specie
709 3153 924 3205 defendi
963 3164 1155 3221 potest,
1191 3160 1315 3222 quia
1339 3174 1478 3211 verae
1504 3174 1609 3210 non

535 3240 690 3294 erant
713 3233 932 3296 nuptiae,
954 3248 1072 3283 cum
1105 3236 1493 3287 matrimonium
1535 3236 1611 3288 ci·

507 3307 614 3379 ‚vis
660 3308 886 3360 Romani
930 3324 1047 3361 cum
1089 3315 1368 3388 peregrina
1409 3314 1607 3364 nullum

537 3393 696 3436 esset.
759 3386 836 3437 At
876 3388 1023 3438 hisce
1077 3390 1398 3453 temporibus
1445 3391 1609 3442 libido

537 3471 654 3513 erat
675 3478 769 3527 pro
790 3465 1005 3528 legibus,
1029 3481 1127 3516 nec
1145 3467 1290 3516 hisce
1308 3481 1366 3516 se
1390 3468 1609 3518 vinculis

535 3541 873 3607 Inperatores
900 3544 1074 3596 teneri
1094 3543 1401 3595 credebant.
1433 3544 1613 3595 Arata.

602 3620 633 3684 ς
664 3622 698 3668 2
730 3618 931 3670 Aureoli
964 3619 1248 3683 commento]
1296 3622 1474 3681 Quali,
1519 3636 1608 3672 ex·

534 3696 704 3766 plicat
736 3698 925 3750 Victor
959 3699 1090 3761 ipse,
1125 3698 1265 3748 uude
1299 3698 1412 3750 boec
1446 3708 1601 3752 suntz

536 3774 746 3823 diversa
770 3788 894 3825 vero
908 3775 1198 3826 Trebellius
1217 3776 1387 3827 Pollio
1409 3778 1461 3828 iu
1482 3779 1607 3829 Gal·

535 3851 708 3907 lienis,
733 3850 971 3901 immissis
988 3868 1019 3901 a
1041 3852 1326 3910 Martiano,
1346 3861 1401 3903 et
1419 3856 1611 3906 Cecro-

536 3927 626 3994 pio
658 3927 1027 3979 Delmatarum
1049 3929 1183 3978 duce
1216 3931 1609 3993 percussoribus

536 4003 881 4068 iuteremptus
891 4005 1034 4055 eirca
1043 4006 1420 4057 Mediolanum.
1438 4006 1609 4060 Schot-

535 4084 634 4129 tus.
698 4079 846 4144 Apud
901 4082 1252 4136 Mediolanium
1310 4083 1492 4135 Guelf.
1552 4093 1609 4138 et

538 4154 708 4219 Lugd.
735 4162 784 4207 l.
818 4156 995 4210 Amtz.

604 4233 687 4296 §8
726 4234 850 4286 Cum
869 4240 1012 4299 patre
1029 4241 1208 4299 septem
1237 4235 1338 4301 (et)
1369 4239 1496 4290 solus
1526 4255 1604 4291 oc·

536 4308 613 4378 ιο]
645 4310 1008 4375 copulativam
1045 4328 1224 4366 vocem
1247 4321 1297 4365 et
1330 4331 1447 4374 cum
1472 4319 1605 4371 Mas.

1238 404 1458 456 Norat
1505 404 1913 474 νΑιιιοιιυιι
1964 408 2047 458 ιιι

1682 550 2013 616 rejecimus,'
1987 565 2101 616 Jam
2120 555 2280 603 antea
2294 548 2443 602 uncis
2463 550 2714 602 incluserat

1679 626 1947 679 Sebottus.
1982 626 2163 679 Arata.

1745 703 1882 755 Car.
1899 716 2100 755 xxxiv.
2124 705 2203 768 §1
2237 700 2602 766 Anu-isannem]
2629 702 2719 754 Ve

1680 781 1912 829 ronensis
1938 780 2194 843 disertim,
2226 795 2405 831 annum
2427 795 2586 844 uuum,
2611 794 2722 830 mes·

1681 856 1815 907 sibus
1838 872 2019 908 novem.
2052 858 2259 908 Scbott.

1747 933 1881 984 Dum
1912 936 2183 986 adolescens
2217 951 2248 985 a
2268 934 2490 997 muliere]
2524 934 2729 986 casaub·

1682 1010 2062 1062 emendandum
2081 1018 2235 1074 putat
2252 1012 2307 1059 irs
2323 1011 2521 1061 muliere
2535 1012 2733 1062 Dalmat.

1679 1085 2031 1147 institueretur,
2049 1089 2311 1153 &c-‚Grun
2386 1087 2543 1137 Hanc
2575 1102 2735 1140 ement-

1682 1162 1941 1212 datiouem
1980 1165 2460 1228 instituit'magnus
2487 1163 2737 1216 Casaubo·

1680 1252 1779 1290 nus
1816 1254 1930 1289 eam
1974 1240 2041 1289 ob
2080 1242 2356 1304 rationem,
2394 1240 2537 1306 quod
2570 1254 2668 1290 nou
2710 1254 2738 1288 a

1680 1316 1897 1365 muliere
1918 1316 2308 1377 institueretur,
2325 1317 2419 1367 sed
2458 1320 2509 1367 in
2534 1318 2740 1369 muliere

1681 1392 1852 1456 aliqua
1873 1407 1991 1442 suas
2015 1394 2150 1443 vires
2171 1393 2584 1458 periclitaretur.
2651 1395 2741 1442 Ve-

1670 1464 1796 1520 'rum
1831 1469 1977 1520 dicat
2009 1472 2131 1522 milri
2166 1471 2370 1534 aliquis,
2402 1485 2468 1520 an
2496 1470 2741 1522 verbaia-

1679 1545 1961 1596 siitueretar
1981 1546 2035 1595 ιἰι
2056 1547 2255 1597 muliere
2270 1547 2377 1596 tale
2398 1545 2527 1610 quid
2553 1547 2742 1609 possint

1684 1621 1941 1683 indicare,
1972 1637 2039 1672 ne
2064 1622 2178 1684 jam
2216 1624 2467 1687 loquendi
2502 1624 2631 1672 illud
2662 1636 2742 1685 ge·

1681 1709 1779 1744 nus
1834 1697 1886 1746 in
1929 1697 2138 1746 dubium
2182 1712 2386 1748 vocem.
2476 1697 2553 1748 Ni
2599 1697 2741 1748 valde

1682 1771 1855 1830 fallar,
1890 1789 1973 1823 res
1996 1774 2181 1824 eodem
2206 1775 2418 1826 redibit.
2485 1775 2665 1827 Quare
2692 1790 2743 1824 u·

1682 1850 1803 1900 nice
1840 1850 2003 1914 probo
2038 1852 2348 1902 seutentiam
2376 1852 2641 1908 Salmasii,
2663 1850 2743 1915 qui

1680 1936 1829 1978 recte
1871 1928 2039 1978 locum
2085 1930 2215 1978 vitio
2249 1942 2430 1978 carere
2468 1928 2745 1993 judicavit.

1682 2006 1800 2056 Fuit
1842 2007 1980 2056 enim
2014 2012 2069 2056 et
2102 2007 2213 2057 haec
2248 2004 2574 2058 consuetudo
2613 2003 2743 2069 apud

1682 2084 1915 2132 seculum
1938 2084 2095 2147 prius,
2119 2091 2178 2134 ιιι
2198 2083 2585 2145 adolescentes,
2603 2090 2744 2132 ante·

1681 2175 1836 2225 quam
1858 2160 1925 2210 ad
1948 2161 2203 2223 legitimos
2228 2161 2480 2211 thalamos
2502 2160 2742 2210 admitte·

1682 2244 1886 2300 rentur,
1907 2238 1961 2286 in
1984 2238 2072 2286 illa
2087 2238 2178 2295 τῆς
2193 2237 2477 2301 Ἀφροδίτης
2500 2237 2744 2301 palaestra

1682 2323 2075 2371 exercerentur,
2117 2329 2185 2363 ne
2220 2313 2405 2363 novitii
2444 2314 2499 2363 in
2542 2327 2742 2366 arenam

1683 2388 2080 2446 descenderent,
2104 2403 2223 2439 cum
2250 2402 2363 2440 eam
2398 2397 2569 2438 artem
2605 2397 2744 2437 recte

1682 2480 1714 2515 a
1749 2465 1948 2529 virgine
1994 2461 2194 2514 addisci
2239 2478 2394 2528 posse
2423 2479 2527 2514 nou
2568 2464 2744 2518 erede·

1684 2549 1801 2592 rent
1824 2550 2053 2591 veteres.
2116 2541 2222 2606 Res
2254 2543 2369 2590 baec.
2405 2541 2508 2588 mei
2541 2554 2645 2589 non
2668 2546 2743 2590 est

1674 2618 1895 2682 judicii3
1951 2618 2068 2667 vide
2105 2625 2163 2668 tu
2208 2618 2349 2667 viros
2396 2616 2641 2670 laudatos
2682 2616 2742 2665 ad

1680 2695 1937 2745 Trebellii
1996 2694 2252 2744 Pollionis
2305 2693 2585 2743 Claudium
2630 2706 2742 2756 cap.

1683 2775 1767 2821 11.
1833 2771 2242 2835 Turpiuseulum
2276 2777 2381 2833 est,
2408 2769 2503 2820 sed
2542 2770 2611 2820 ab
2648 2769 2740 2817 boe

1681 2841 1800 2902 loco
1833 2860 1938 2897 nou
1966 2846 2196 2896 alienum
2217 2844 2539 2910 epigramma
2562 2844 2743 2895 Marti-

1684 2922 1780 2976 alis
1828 2923 2008 2986 Epigr.
2036 2935 2122 2973 xi.
2168 2924 2252 2971 79.
2293 2921 2381 2972 ubi
2419 2920 2515 2971 dat
2555 2935 2743 2986 sponso

1684 3000 1959 3051 consilium
1988 2999 2211 3065 (talibus
2244 3000 2476 3050 consiliis
2516 2999 2743 3062 corrupti

1681 3076 1838 3140 hujus
1880 3076 2042 3127 seculi
2100 3090 2272 3126 mores
2326 3074 2441 3126 siue
2491 3076 2743 3126 monitore

1685 3150 1977 3215 abundant)
1996 3157 2056 3202 ut
2089 3160 2246 3221 antea
2274 3152 2329 3201 iu
2360 3151 2641 3200 meretrice
2662 3166 2743 3200 ex·

1683 3230 1940 3295 periatur,
1962 3242 2118 3293 quam
2151 3227 2205 3280 iu
2235 3228 2438 3292 virgine
2473 3242 2583 3277 suae
2619 3228 2744 3278 mili·

1684 3307 1775 3357 tiae
1797 3305 2102 3365 ,tiroeinium
2138 3304 2388 3369 deponat.
2452 3304 2666 3355 claudit
2695 3317 2743 3353 e·

1686 3383 1971 3449 pigramms
2006 3382 2087 3432 liis
2124 3381 2302 3432 verbis
2322 3398 2340 3433 ι
2373 3383 2389 3410 ‘
2413 3382 2560 3447 Ergo
2599 3383 2747 3438 subu-

1671 3475 1826 3510 ·rauoe
1873 3451 2110 3510 tironem'
2133 3459 2287 3509 trade
2322 3459 2608 3523 magistre,
2650 3460 2749 3509 Illa

1641 3533 1651 3540 ““
1685 3537 1852 3587 virum
1879 3534 2071 3597 faciet3
2106 3550 2206 3585 nou
2230 3535 2363 3585 bene
2387 3536 2536 3601 virgo
2555 3533 2753 3601 docet-⁹

1675 3614 1756 3672 ‚Et
1782 3613 1900 3661 hinc
1938 3620 2119 3676 patres
2156 3612 2539 3674 permittebant
2571 3614 2623 3664 iu
2656 3613 2751 3663 Co·

1685 3689 1906 3747 moediis.
1943 3698 2000 3740 ιιι
2025 3690 2143 3740 (Ιιιιιι
2170 3689 2370 3739 licitum
2394 3698 2511 3739 erat
2532 3696 2589 3739 et
2626 3700 2750 3739 oetas

1683 3766 1909 3829 ferebat,
1942 3775 2178 3818 amarent
2213 3765 2322 3815 lilii.
2388 3766 2530 3816 Vide
2558 3768 2753 3816 Teren·

1683 3845 1811 3895 tium
1834 3844 2039 3894 Andria
2072 3856 2137 3894 ιι.
2166 3847 2218 3894 6.
2242 3845 2327 3891 12.
2387 3841 2564 3892 Multo
2589 3843 2752 3892 minus
2809 3871 2828 3878 -

1682 3926 1874 3971 matare
1910 3919 1995 3971 hie
2035 3917 2339 3969 mutandum
2373 3918 2430 3968 in
2453 3918 2751 3974 Dalmatica.

1683 3999 1816 4050 haue
1837 4011 2058 4062 eamque
2076 3996 2389 4056 levissimam
2412 3993 2482 4045 ob
2499 4010 2753 4059 caussam,

1684 4076 1823 4140 quod
1843 4074 2093 4126 Claudius
2126 4079 2142 4102 ⁸
2166 4072 2421 4135 originem
2453 4087 2521 4122 ex
2546 4072 2750 4137 proriu-

1682 4155 1766 4205 cia
1787 4154 2152 4204 Dalmatarum
2173 4148 2440 4204 videretur
2454 4143 2757 4208 ostendere’

1682 4235 1817 4280 teste
1857 4229 2102 4279 Pollione
2135 4226 2242 4276 loc.
2275 4223 2417 4275 laud.
2447 4225 2539 4290 qui
2578 4233 2749 4292 tamen
2775 4269 2790 4275 t

1681 4308 1809 4359 alios
1846 4307 1996 4366 aliter
2034 4303 2243 4376 tradere
2281 4302 2480 4356 ibidem
2516 4303 2748 4360 adnotat,
