3025 4934
486 371 620 439 864
872 433 879 442 ,
1143 385 1535 437 aecensus
1586 383 2025 439 ιοιτιοκυιι

484 533 616 592 vius
641 529 967 612 Vopiscus,
995 528 1384 591 Herodianus
1407 529 1726 592 Politiano
1742 531 1959 614 interp.
1983 532 2132 593 Sex.
2153 532 2443 594 Aurelian
2455 534 2702 607 Victor,

485 628 859 709 Pomponius
900 627 1125 700 Laetus,
1160 627 1261 690 Jo.
1292 627 1578 708 Baptista
1618 629 1932 708 Egnatius,
1975 630 2341 692 Ammianus
2384 630 2695 692 Marcelli-

482 746 592 786 nus
616 734 872 806 quatuor
897 724 1065 785 libris
1092 733 1323 787 auctae.
1407 724 1568 786 Cum
1619 724 1932 788 Indicibue
1970 727 2248 808 copiosis
2331 727 2591 789 Basileae
2631 729 2700 788 in

479 821 719 886 officina
766 821 1162 894 Frobeniana,
1209 841 1366 883 anno
1421 838 1812 885 unxxxui.
1906 822 2226 904 Repetite,
2275 835 2568 904 quantum
2616 824 2698 885 ad

477 920 796 1002 ecriptores
819 928 1071 991 nostros,
1098 939 1178 980 ex
1203 917 1302 981 ed.
1320 924 1504 980 1518.
1591 918 1752 999 Ejus
1771 919 2112 1000 exemplum
2140 928 2231 982 eet
2252 942 2436 1002 penes
2460 942 2590 983 nos.

561 1048 645 1062 --
684 1016 960 1088 Parisiis,
988 1022 1049 1078 8.
1088 1014 1172 1086 ,C.
1201 1014 1444 1076 Plinius
1473 1012 1680 1092 (Sext.
1705 1015 1864 1079 Aur.
1891 1016 2135 1097 Victor)
2162 1017 2237 1079 de
2265 1017 2440 1079 Viris
2462 1019 2698 1083 Illustr.

481 1113 799 1175 Suetonius
821 1112 899 1174 de
927 1111 1265 1174 Grammat.
1292 1120 1356 1173 et
1376 1110 1636 1174 Rhetor.
1715 1112 1758 1173 J
1761 1112 1920 1174 uliua
1954 1113 2312 1195 obsequens
2351 1115 2431 1177 de
2472 1116 2702 1178 Prodi·-

479 1212 609 1290 giis.
689 1210 881 1291 Apud
906 1208 1075 1273 Βοὴ.
1104 1208 1498 1291 Stephanum.

560 1311 721 1365 1536
760 1305 909 1366 ibid.
938 1311 1001 1366 8.
1044 1302 1242 1364 Iidem
1270 1301 1461 1362 libelli
1485 1302 1725 1384 repetiti
1751 1302 1914 1383 apud
1938 1302 2107 1366 Βοὴ.
2138 1301 2532 1385 Stephanum.

557 1409 719 1466 1537
760 1401 1035 1473 Parisiis,
1063 1407 1124 1462 8.
1168 1400 1246 1462 C.
1275 1399 1468 1461 Plinii
1509 1399 1648 1460 Sec.
1678 1399 1878 1475 (Sext.
1917 1401 2075 1463 Aur.
2102 1400 2398 1481 Victoris)
2424 1403 2501 1463 de
2528 1398 2706 1466 Viris

477 1501 824 1562 Illustribus
847 1500 1022 1560 liber.
1107 1496 1381 1559 Suetonii
1423 1497 1764 1577 Tranquilli
1798 1498 1876 1558 de
1924 1498 2126 1562 claris
2172 1498 2600 1562 Grammaticis
2631 1511 2698 1562 et

476 1597 845 1658 Rhetoribus
868 1595 1036 1662 liber.
1117 1593 1270 1656 Julii
1302 1593 1709 1674 obsequentis
1734 1594 2155 1675 Prodigiorum
2198 1594 2350 1656 liber
2382 1597 2698 1678 imperfec-

473 1704 588 1756 tus.
673 1695 873 1756 Paris.
901 1713 981 1754 ex
1005 1690 1161 1754 offic.
1191 1689 1357 1752 Βοὴ.
1383 1690 1701 1772 Stephani.

556 1799 717 1853 1539
757 1791 908 1853 ibid.
937 1798 997 1851 8.
1042 1788 1119 1850 C.
1140 1787 1337 1850 Plinii
1363 1787 1569 1864 (Sext.
1614 1789 1776 1852 Aur.
1813 1788 2112 1869 Victoris)
2142 1790 2222 1851 de
2260 1790 2428 1851 Viris
2454 1790 2696 1854 Illustr.

471 1910 610 1950 cum
651 1890 901 1952 Sueton.
931 1888 1010 1949 de
1037 1885 1379 1950 Grammat.
1413 1895 1477 1951 et
1511 1886 1776 1950 Rhetor.
1814 1896 1880 1948 et
1915 1885 2045 1949 Jul.
2076 1888 2305 1969 Obeeq.
2332 1887 2495 1970 apud
2521 1887 2694 1949 Βοὴ.

475 1987 1029 2155 ὃξὲἶῗῖζιίοὶίε,
1079 2091 1140 2145 8.
1208 2081 1291 2145 O.
1336 2080 1533 2147 Plinii
1585 2082 1794 2158 (Sext.
1845 2080 2004 2144 Aur.
2052 2074 2356 2162 Victoris)-
2393 2083 2472 2144 de
2522 2083 2707 2145 Viris

472 2181 704 2243 Illustr.
744 2201 880 2241 cum
927 2180 1175 2241 Sueton.
1220 2179 1297 2239 de
1333 2178 1730 2242 Grammatic.
1775 2186 1838 2239 et
1875 2178 2132 2239 Rhetor.
2178 2189 2242 2240 et·
2277 2179 2411 2243 Jul.
2456 2181 2695 2264 Obseq.

471 2278 633 2359 apud
653 2278 823 2340 Βοὴ.
855 2278 1245 2358 Stephanum.

550 2384 717 2438 1542
758 2374 1059 2456 Lugduni,
1077 2382 1144 2438 8.
1190 2374 1363 2437 Sext.
1392 2371 1552 2436 Aur.
1599 2370 1816 2433 Victor
1856 2371 1938 2433 de
1975 2369 2144 2434 Vitis
2170 2373 2500 2448 Caesarum,
2525 2376 2700 2457 apud

472 2474 958 2642 Gr-{Phgffiieae’
1006 2577 1066 2631 8.
1109 2567 1284 2630 Sext.
1338 2523 1499 2629 Aur.
1544 2567 1764 2629 Victor
1804 2565 1882 2627 de
1926 2566 2103 2628 Viris
2145 2567 2515 2642 Illum-ibus,
2564 2575 2695 2634 &c.

469 2669 629 2751 apud
657 2666 1081 2730 Cratandrum.
1161 2665 1316 2729 Vid.
1341 2665 1686 2732 Recensum
1712 2672 1975 2732 nostrum
2001 2664 2146 2730 edd.
2172 2666 2698 2746 Panegyricorum-

470 2767 788 2836 Veterum,
813 2784 874 2845 p.
902 2770 1087 2825 2488.

547 2871 711 2924 1543
750 2862 1031 2934 Parisiis,
1055 2867 1117 2925 8.
1160 2860 1337 2926 Sext.
1374 2859 1533 2922 Aur.
1563 2858 1782 2922 Victor-
1805 2858 1883 2920 de
1926 2859 2084 2928 Vita
2123 2867 2190 2920 et
2228 2856 2507 2920 Moribus
2546 2860 2692 2920 ‹3ae-

467 2982 712 3120 &a
751 3057 1033 3130 Parisiis,
1077 3062 1136 3118 8.
1180 3075 1280 3136 ap.
1323 3053 1494 3116 Rob.
1543 3035 1952 3134 Stephanum:
2038 3052 2376 3118 Trebellius
2424 3025 2681 3123 Pollio;

466 3156 715 3219 Flavius
739 3157 1063 3237 Vopiscus,
1104 3173 1244 3216 cum
1274 3151 1523 3232 Egnatii
1549 3151 2060 3221 annotationibm3
2106 3150 2279 3214 Sext.
2328 3150 2486 3211 Aur.
2532 3151 2694 3213 Vie-

463 3263 595 3324 tor;
626 3253 949 3334 Pomponii
972 3251 1124 3311 Laeti
1154 3248 1594 3330 compendium
1617 3247 1912 3310 Historiae
1930 3247 2261 3318 Romanaez
2291 3248 2588 3327 Egnatius
2605 3248 2687 3309 de

466 3351 858 3431 Principibus
909 3338 1566 3410 Romanorum—His
1601 3353 1878 3427 separato
1916 3344 2220 3408 volumine
2269 3344 2486 3406 eodem
2525 3365 2694 3406 anno

466 3448 719 3510 accessit
737 3445 1094 3506 Ammianus
1123 3443 1535 3506 Marcellinus.

543 3579 628 3589 —
667 3542 813 3603 ibid.
841 3549 901 3604 8.
945 3542 1023 3604 Ο.
1051 3540 1247 3602 Plinii
1293 3540 1498 3618 (Sext.
1547 3539 1702 3602 Aur.
1747 3538 2044 3617 Victoris)
2095 3537 2173 3598 de
2226 3538 2400 3600 Viris
2448 3538 2694 3601 I-llustr.

461 3660 601 3700 cum
656 3640 902 3701 Sueton.
941 3639 1019 3702 de
1066 3638 1338 3702 Gramm.
1379 3646 1443 3700 et
1477 3638 1734 3700 Rhetor.
1777 3645 1841 3698 et
1885 3635 2014 3700 Jul.
2058 3635 2300 3717 Obeeq.
2314 3636 2476 3718 apud
2505 3636 2677 3697 Βοὴ.

464 3737 1024 3905 ὃξὲἶὸὃωίζτίεἰίε,
1049 3840 1112 3896 4.
1156 3832 1328 3895 Sext.
1357 3832 1517 3895 Aur.
1543 3831 1812 3894 Victoris
1832 3831 1908 3891 de
1936 3830 2106 3893 Viris
2131 3829 2477 3891 Illusttibus
2498 3829 2690 3900 liber,.

462 3932 739 4013 Philippi
795 3932 1115 4012 Praepositi
1172 3930 1497 3992 Poncherii
1539 3929 1979 3991 commentariis
2026 3928 2373 3988 illustratus.
2478 3927 2677 3996 Paria.

460 4049 560 4109 ap.
588 4029 686 4090 Jo.
717 4028 872 4090 Lud.
893 4027 1632 4110 Tiletanum.—-Repetita
1673 4033 1856 4089 1550.
1938 4025 2091 4086 Vid.
2142 4024 2520 4105 Hamberger
2555 4025 2598 4088 1.
2623 4023 2672 4084 1.

457 4125 536 4186 T.
562 4142 637 4187 11.
667 4147 806 4207 pag.
836 4133 979 4189 817.

538 4258 622 4269 -
661 4221 809 4284 ibid.
836 4229 896 4283 8.
947 4220 1121 4282 Idem
1150 4221 1394 4283 libellus
1417 4222 1580 4304 apud
1608 4221 1772 4284 Βοὴ.
1804 4220 2212 4302 Stephanum.-
