3025 4934
540 444 824 495 Auum„
862 443 1059 493 vm'r.
1112 441 1335 492 VIROS
1385 443 1739 493 imauswn.
1786 444 1950 494 OAP.
2005 444 2222 495 LXIV.

286 586 532 645 dicmur,
552 588 860 637 verosimilis
884 585 1112 648 nonest,
1131 601 1252 638 nam
1269 587 1345 652 ip·

286 675 339 713 se
362 665 489 714 Pius
533 664 668 714 fliius
693 674 805 713 erat
836 665 935 712 viri
958 664 1264 724 consularis,
1296 669 1352 715 et

289 742 408 806 quid
433 743 622 791 mirum
647 747 779 802 tum,
803 742 946 790 ilium
968 743 1124 790 etiam
1148 740 1350 790 adoles·

286 818 528 868 centibus
585 817 824 882 praeferri
872 817 1080 871 talibus,
1120 816 1206 879 qui
1258 830 1350 880 pa-

294 898 421 944 trem
440 894 705 944 nubebant
718 895 1078 944 consularem?
1112 894 1236 957 Ipse
1254 895 1352 944 eti·

290 986 366 1021 am
389 972 658 1020 tent-bam
691 971 788 1020 boo
812 971 993 1019 modoz
1033 969 1093 1018 Ia
1120 969 1353 1033 peticione

269 1039 584 1113 'pontificatus
626 1047 880 1111 pretoriis.
909 1051 960 1096 et
994 1046 1353 1107 con-alaribus,-

285 1123 360 1173 Ut-
386 1137 453 1173 ex
479 1122 808 1187 compendiis
842 1123 983 1172 vocis
1002 1128 1146 1187 prist.
1173 1129 1351 1174 natum

281 1200 347 1249 sit
369 1202 549 1250 vitium
566 1218 583 1251 ι
627 1201 719 1250 sed
744 1200 924 1251 inuitis
947 1202 1354 1266 exemplaribus,

279 1286 332 1327 et
347 1278 457 1327 sine
473 1279 815 1329 neoessitate.
873 1279 1007 1329 Nam
1023 1280 1162 1344 qnod
1183 1280 1349 1329 virum

282 1356 691 1407 eruditissimum
715 1355 947 1407 offendat
975 1358 1097 1407 addi
1132 1359 1350 1408 mnic-

278 1433 421 1490 νιἸιιε,
443 1442 502 1483 et
529 1434 607 1481 'ab
627 1435 706 1482 his
729 1441 1007 1497 praeturam
1033 1434 1218 1483 ambiri
1248 1447 1351 1483 non

279 1511 464 1572 solere,
503 1511 606 1559 nisi
642 1509 779 1576 quod
816 1510 917 1560 hoc
953 1509 1147 1560 factum
1186 1511 1259 1560 sit
1297 1511 1352 1559 in

280 1586 389 1635 solo
429 1585 708 1648 Mancino,
752 1587 1002 1636 memoria
1036 1587 1086 1636 ei
1129 1587 1353 1650 inponit,

278 1675 390 1710 enm
417 1663 750 1725 consulares,
776 1663 1066 1724 prasertim
1087 1647 1176 1729 qiti
1201 1675 1351 1711 sens·

281 1747 334 1787 tu
356 1742 483 1788 moti
521 1746 697 1796 erant,
720 1739 908 1789 iterum
940 1739 1194 1788 deberent
1219 1753 1352 1801 pra-

279 1820 442 1863 tursm
467 1822 680 1879 petere.
732 1814 868 1863 Veli.
891 1815 1103 1864 Paterc-
1120 1828 1182 1865 11.
1205 1818 1288 1865 84.
1323 1815 1353 1879 ς

278 1893 327 1939 4.
385 1898 401 1920 ¹
421 1891 686 1941 Lentulus
731 1891 1015 1941 consularis
1056 1899 1115 1941 et
1159 1901 1354 1955 proetor

279 1966 465 2019 iterum
486 1966 524 2018 τ’
563 1966 653 2015 ubi
670 1968 1022 2018 consulendus
1039 1966 1352 2030 Schegkius.

278 2040 535 2108 Adeoque
583 2045 679 2092 hoc
718 2042 987 2094 offendere
1035 2059 1136 2093 non
1177 2046 1356 2102 debet,

278 2129 444 2182 aeque
466 2118 638 2169 etiam
656 2119 806 2183 illud,
837 2119 976 2183 quod
1003 2128 1192 2183 urguet
1214 2119 1356 2170 Gru-

281 2200 442 2252 terus,
460 2194 529 2243 ad
557 2201 845 2258 praetnram
870 2209 970 2243 non
993 2194 1241 2243 admissos
1274 2193 1352 2243 fu·

280 2269 376 2320 isse
414 2269 853 2322 ‘adolescentes-⁹
920 2269 1023 2319 Sed
1056 2270 1139 2319 hie
1162 2270 1355 2319 Metei-

213 2383 217 2388 ,
280 2349 355 2399 lus
377 2358 607 2400 vocatur
630 2348 933 2399 adolescens
953 2356 1197 2413 respectu
1217 2348 1356 2397 seni·

277 2438 440 2490 orum,
474 2426 566 2491 qni
586 2426 695 2490 jam
718 2425 1038 2476 consulatum
1063 2432 1356 2489 gesserant.

280 2501 347 2551 Et
369 2503 444 2552 sic
480 2507 496 2533 ‘
520 2498 869 2552 adolescens’
904 2503 958 2551 in
991 2501 1083 2551 tali
1103 2502 1356 2565 oppositi·
1417 2512 1429 2519 ·

279 2590 375 2626 one
397 2578 466 2628 de
487 2584 655 2627 aetate
679 2578 839 2626 etiam
872 2579 1192 2641 provectiori
1217 2577 1357 2627 adbi·

280 2657 393 2707 beri
418 2657 603 2706 multis
630 2656 885 2719 exemplis
918 2655 1201 2705 iilustravit
1228 2654 1357 2706 Cor·

279 2733 379 2783 tius
402 2733 470 2782 ad
496 2732 718 2782 Sallust.
740 2732 860 2780 Cat·
882 2745 931 2781 c.
953 2734 1037 2781 38.
1062 2733 1091 2796 §
1114 2735 1165 2779 1.
1216 2731 1358 2782 Qua·

275 2821 333 2858 re
356 2816 508 2872 patet
528 2807 854 2858 cousniarem
871 2815 1055 2872 petere
1079 2813 1135 2857 et
1150 2805 1356 2856 adoles-

278 2894 490 2936 centem
530 2885 631 2935 hoc
674 2897 827 2934 sensu
880 2898 1065 2948 gerere
1122 2885 1357 2946 potuisse

280 2969 589 3024 praetnram.
656 2961 892 3010 Tandem
916 2960 1043 3024 qnid
1083 2960 1169 3010 hic
1203 2962 1359 3010 intei-

276 3039 543 3104 ligendnm
581 3038 653 3089 sit
685 3052 784 3104 per
827 3044 843 3074 4
862 3039 1170 3101 petitionem
1191 3036 1204 3058 ²
1236 3038 1358 3088 vide

278 3114 346 3164 de
359 3116 602 3166 hocloco
624 3114 999 3163 dissentientes
1020 3113 1141 3166 Jac.
1156 3113 1359 3164 Guthe·

280 3191 408 3241 rium
428 3191 498 3242 de
522 3190 658 3242 Jnre
681 3190 841 3240 Pont.
864 3202 904 3239 1.
918 3193 969 3239 9.
986 3197 1042 3241 et
1062 3190 1277 3239 Bosium
1292 3189 1359 3240 de

279 3266 479 3318 Pontis.
520 3267 675 3316 Max.
709 3266 888 3316 Romae
923 3266 1119 3342 veteris
1157 3279 1275 3330 cap.
1306 3271 1359 3317 8.

282 3339 426 3394 Quos
453 3353 517 3393 tn
542 3343 801 3405 expende,
816 3342 1002 3398 lector,
1023 3355 1091 3391 ne
1116 3343 1260 3393 nimii
1288 3343 1359 3392 si·

285 3433 412 3470 mns-
433 3420 619 3470 Amtz.

346 3497 491 3547 CA».
531 3508 685 3545 utv-
716 3495 745 3557 ς
783 3496 809 3542 1
851 3493 1128 3557 Gracchus]
1160 3495 1270 3545 Per
1302 3510 1358 3545 a·

284 3572 631 3636 spirationem
680 3570 869 3634 scripsi
922 3585 1149 3633 semper,
1193 3570 1360 3621 Flavii

281 3651 536 3715 Sosipstri
582 3651 951 3701 auctoritatem
997 3660 1251 3716 sequutus
1301 3661 1359 3701 et

284 3727 537 3778 Groecam
615 3726 1070 3786 consuetudinem,
1146 3729 1359 3778 tametsi

289 3803 511 3855 Grocm
533 3804 583 3853 in
610 3803 839 3866 antiquis
862 3803 951 3864 sit,
973 3804 1056 3853 vel
1080 3819 1110 3853 a
1128 3804 1146 3833 4
1173 3818 1355 3869 geren·

286 3880 387 3939 do,'
409 3889 472 3931 ut
491 3881 681 3936 Varro,
714 3882 797 3930 vei
819 3895 851 3930 a
870 3883 888 3912 4
915 3882 1230 3946 gracilitate,
1250 3882 1264 3904 ’
1300 3889 1359 3932 ut

286 3956 563 4021 Sosipater
617 3956 877 4021 derivant,
944 3958 1122 4022 itaque
1175 3959 1361 4010 scribit

286 4031 527 4082 Scaurus.
567 4031 756 4082 Schott.

355 4110 545 4175 Nepos]
582 4110 810 4159 Ratione
843 4109 945 4168 avi,
984 4112 1178 4173 patrui,
1201 4124 1361 4161 avun-

292 4186 496 4251 cniique
539 4184 752 4247 dicitnr,
785 4200 817 4239 s
844 4200 947 4249 quo
977 4189 1145 4236 omnis
1187 4196 1361 4252 poste·

291 4262 431 4314 rior:
489 4269 549 4311 nt
608 4261 735 4311 illud
781 4261 1151 4324 virgilianum,
1192 4263 1214 4292 ‘
1234 4263 1361 4313 Car·

294 4346 420 4403 pent
437 4347 525 4391 tna
547 4352 703 4405 poma
724 4338 985 4403 nepotes:
1048 4338 1102 4389 N
1106 4352 1169 4393 ec
1192 4340 1359 4393 minus

2358 427 2495 497 649

1428 601 1714 651 ganeonem
1742 586 1918 653 signat
1948 602 1980 638 n
2013 586 2030 615 ‘
2057 601 2195 652 nepa
2218 584 2235 609 ’
2267 587 2495 639 voracis*

1426 665 1556 714 simo
1579 664 1806 714 animali.
1854 664 2039 714 Manil.
2063 663 2492 714 mathematicus:

1424 737 1443 766 ‘
1470 740 1862 805 Ardentemque
1903 755 2092 804 nepam
2111 740 2147 791 ι’
2194 740 2316 790 inde
2361 742 2379 776 4
2402 755 2493 791 ne·

1429 814 1628 879 potire-J
1647 826 1700 866 et
1716 816 2022 866 Suetonius‘
2045 818 2306 880 nepotinis
2316 831 2493 882 snmpo

1427 890 1612 949 tibus.’
1646 892 1696 941 in
1723 894 1953 943 Nerone.
1990 894 2156 944 Μυσὴ.

1492 968 1754 1032 Probneit]
1771 970 2086 1020 Plutarchus
2103 970 2302 1034 inquitx
2329 969 2346 997 4
2363 967 2494 1019 Mis·

1426 1059 1512 1093 sus
1536 1044 1697 1107 igitur
1719 1045 1783 1094 sd
1807 1046 2003 1108 hostes,
2027 1047 2077 1096 in
2101 1046 2360 1111 hybernis,
2380 1060 2495 1109 par·

1427 1123 1520 1171 tim
1541 1122 1827 1186 suadendo,
1852 1124 2042 1188 partim
2067 1123 2385 1189 recipiendo,
2400 1121 2493 1174 foe·

1426 1197 1524 1247 dus
1544 1198 1788 1263 firmavit,
1809 1215 1871 1250 sc
1895 1215 1988 1264 per
2022 1214 2140 1250 enm
2176 1199 2383 1251 modum
2419 1202 2494 1251 vi·

1426 1275 1560 1338 giuti
1584 1277 1743 1326 miliia
1766 1278 2114 1328 Romanorum
2134 1278 2330 1344 absque
2350 1281 2495 1329 anxi·

1428 1351 1605 1417 liar-iis,
1628 1361 1687 1403 et
1708 1354 1842 1413 aliis,
1860 1354 1947 1419 qni
1980 1363 2135 1404 extra
2157 1355 2389 1404 ordinem
2413 1370 2494 1405 se·

1426 1429 1574 1492 qunti
1598 1439 1772 1493 erant,
1787 1431 2054 1481 servavit?
2072 1432 2240 1481 Maca.
2304 1431 2494 1496 Inepte

1427 1507 1584 1558 codd.
1604 1510 1817 1573 quidam
1830 1510 2050 1571 putavit.-
2083 1510 2361 1573 legendum
2385 1526 2495 1574 pro·

1428 1586 1579 1650 huit,
1607 1595 1665 1636 nt
1700 1587 1752 1636 in
1787 1587 2020 1639 Hostilio
2047 1588 2293 1639 Mancino
2320 1588 2495 1638 videre

1430 1664 1574 1713 iicet.
1643 1664 1968 1715 Gracchanae
2021 1665 2292 1715 seditionis
2347 1678 2496 1714 cans-

1426 1753 1535 1788 sam
1571 1739 1692 1789 vide
1723 1740 1862 1803 apud
1901 1740 2172 1790 Plutarch.
2208 1741 2325 1790 Liv.
2355 1740 2494 1791 ven.

1431 1815 1526 1863 lib.
1555 1828 1619 1862 ιι.
1642 1814 1868 1879 Appian.
1891 1823 1947 1865 et
1971 1816 2129 1866 Oros.
2152 1829 2203 1865 v.
2223 1819 2274 1866 8.
2309 1817 2494 1867 Cicero

1429 1889 1496 1940 de
1536 1889 1848 1953 Aruspicum
1884 1891 2199 1953 Responsis:
2243 1893 2494 1942 ‘Tiberio

1430 1965 1670 2016 Graccho
1702 1966 1900 2016 invidia
1937 1966 2243 2017 Numantini
2264 1965 2498 2031 foederis,

1428 2042 1514 2092 cni
1530 2041 1767 2093 feriendo
1784 2049 2014 2108 qnnstor
2035 2045 2098 2092 C.
2115 2043 2349 2094 Mancini
2372 2058 2496 2094 con·

1428 2119 1555 2167 sniis
1578 2133 1696 2168 cum
1720 2127 1879 2180 esset,
1912 2117 2249 2180 interfuerat,
2268 2128 2323 2170 et
2355 2121 2407 2169 in
2431 2135 2495 2170 eo

1427 2194 1624 2245 foedere
1652 2195 1989 2261 improbando
2017 2196 2221 2245 senatui
2244 2197 2495 2248 severitas

1428 2271 1597 2322 dolori
1619 2279 1674 2323 et
1697 2273 1866 2323 timori
1888 2270 2005 2334 fuit,
2017 2274 2223 2338 istaque
2247 2287 2330 2323 res
2352 2273 2493 2323 iiinm

1431 2363 1463 2398 a
1496 2350 1761 2411 gravitate
1795 2349 2014 2399 Patrnm
2047 2349 2341 2401 desciscere
2377 2348 2496 2401 coii-
2550 2353 2557 2360 “

1430 2426 1547 2490 git-⁸
1579 2426 1769 2476 Sckott.
2444 2436 2479 2460 ⁸

1495 2503 1575 2566 §2
1607 2502 1831 2568 Effugit]
1863 2502 1997 2553 Nam
2029 2503 2288 2568 ingressus
2312 2503 2497 2555 urbem

1433 2575 1826 2643 Numantinum,
1849 2588 2033 2643 utpote
2056 2580 2271 2642 amiens,
2292 2580 2497 2630 liberali

1428 2656 1673 2706 convivio
1691 2662 1966 2718 exceptus,
1984 2655 2232 2705 memoris
2258 2664 2496 2719 paterna,

1430 2733 1519 2797 qui
1540 2746 1722 2797 pacem
1743 2746 1861 2781 cnm
1898 2731 2231 2781 Numantinis
2255 2743 2497 2782 servave-

1432 2818 1537 2871 rat,
1576 2824 1793 2874 eamque
1828 2823 2034 2872 semper
2072 2807 2213 2873 apud
2248 2811 2497 2874 populum

1431 2896 1576 2938 recte
1590 2887 1836 2951 justeque
1855 2884 2184 2935 defenderat.
2218 2885 2381 2934 Mach-

1501 2963 1741 3013 Tribunus
1757 2961 1932 3026 plebis]
1964 2961 2127 3025 [Vide
2150 2961 2326 3011 Lectt.
2344 2959 2500 3022 Van]

1434 3039 1745 3102 Suspectam
1764 3036 1990 3088 fortasse
2005 3038 2298 3087 babuerunt
2316 3049 2497 3087 vocem

1431 3129 1500 3164 ex
1536 3123 1661 3164 nota
1697 3113 2033 3163 distinetione
2067 3113 2323 3164 JCtorum
2358 3112 2500 3163 inter

1430 3191 1574 3255 leges
1597 3199 1656 3240 et
1678 3189 1973 3252 plebiscita,
1995 3203 2112 3239 cum
2133 3189 2248 3239 hnc
2270 3188 2498 3253 piebeio,

1433 3267 1541 3317 iuae
1593 3266 1861 3316 senatorio
1912 3267 2226 3330 magistratu
2281 3271 2499 3328 rogante

1433 3344 1841 3394 constituantur.
1863 3401 1868 3418 ¹
1910 3343 2016 3393 Sed
2055 3343 2183 3392 tales
2213 3342 2500 3393 distinctio·

1433 3435 1526 3471 nes
1544 3435 1642 3470 non
1668 3435 1784 3470 esse
1809 3428 2112 3484 perpetuas,
2134 3427 2190 3471 et
2207 3421 2376 3484 legem
2405 3433 2501 3485 pro

1434 3497 1710 3559 plebiscito
1733 3496 1835 3546 dici
1871 3504 2017 3559 patet
2036 3510 2101 3545 ex
2129 3496 2298 3547 Cicer.
2330 3496 2499 3547 Bruto

1432 3588 1479 3622 c.
1494 3577 1578 3623 2⁰¹1.
1598 3578 1615 3603 ‘
1640 3573 1703 3621 L.
1732 3573 1854 3622 Piso
1878 3573 2114 3622 tribunus
2136 3575 2306 3636 piebis
2331 3574 2499 3638 legem

1431 3650 1501 3699 de
1527 3650 1759 3713 pecuniis
1776 3650 2078 3712 repetundis
2093 3650 2217 3699 tulit
2234 3650 2270 3699 ε’
2300 3660 2358 3700 et
2382 3660 2503 3714 post

1432 3727 1684 3777 Reditnm
1708 3728 1758 3776 in
1793 3728 1914 3777 Sen.
1948 3741 1996 3777 c.
2016 3734 2066 3778 6.
2100 3727 2117 3755 4
2141 3728 2261 3779 Quo
2296 3728 2502 3793 inspec-

1433 3812 1580 3853 tante
1601 3817 1662 3862 ac
1689 3803 1911 3856 sedente
1933 3805 2105 3867 legem
2129 3806 2367 3855 tribunus
2390 3807 2499 3869 pie·

1433 3879 1512 3928 bis
1537 3877 1695 3930 tulit?
1760 3879 1954 3929 Lucan.
1977 3884 2188 3929 rv.69⁰.
2207 3883 2223 3909 4
2246 3880 2386 3943 Lege
2410 3881 2502 3931 tri-

1435 3956 1636 4006 bunitia
1678 3955 1809 4005 solio
1847 3956 2112 4018 depellere
2150 3967 2364 4004 avorum
2399 3956 2503 4006 Cn·

1435 4033 1511 4082 rio
1537 4030 1801 4081 tentarat!
1869 4030 2007 4079 ven.
2036 4029 2251 4081 Patere.
2284 4043 2348 4080 ιι.
2367 4034 2449 4081 18.
2470 4034 2501 4096 §

1433 4112 1484 4157 5.
1511 4115 1569 4156 et
1591 4112 1642 4156 6.
1664 4107 1683 4135 ‘
1707 4107 1773 4156 Ρ.
1793 4106 2048 4171 sulpitius
2069 4105 2307 4157 tribunus
2331 4108 2403 4170 pl.
2424 4108 2502 4157 le·

1433 4197 1552 4247 gem
1574 4184 1641 4233 ad
1668 4184 1916 4248 populum
1941 4183 2061 4233 tulit
2075 4180 2111 4233 ι’
2144 4192 2203 4233 et
2225 4197 2274 4234 c.
2292 4187 2377 4234 81.
2399 4187 2501 4250 §2

1430 4260 1448 4289 4
1473 4259 1607 4310 Post
1635 4259 1906 4309 biennium
1941 4257 2011 4309 Α.
2043 4258 2300 4309 Gabinius
2332 4261 2501 4311 tribn-

1433 4348 1534 4388 nns
1557 4337 1727 4400 legem
1755 4334 1914 4386 tulit.’
1978 4334 2175 4388 Noster
2206 4334 2301 4387 inf.
2335 4347 2386 4388 c.
2415 4341 2501 4387 65.
