3025 4934
469 417 602 488 4⁷6

537 575 677 625 Erat
690 572 915 637 diurnis]
929 572 1165 638 Uterque
1177 571 1344 636 Lugd.
1359 571 1540 623 Hauu.

474 656 532 698 et
572 648 656 699 ed.
699 649 876 699 Mach.
913 652 964 698 et
1001 648 1210 697 delent:
1248 661 1347 698 nec
1389 649 1541 699 male.

471 725 633 788 Pejus
657 725 811 776 Fran.
838 740 933 790 pro
955 724 1156 775 alternis
1176 724 1443 775 substituit
1462 727 1538 777 ul·

468 807 609 860 teris.
644 804 783 868 quod
821 819 923 854 nou
949 804 1239 854 ferendum.
1271 803 1383 852 Liv.
1406 816 1468 851 ιι.
1487 806 1539 852 2.

470 882 489 910 ⁸
511 881 760 944 Rogando
792 882 1010 930 alternis
1045 879 1413 945 suadendoque
1434 895 1538 929 coe·

473 954 604 1020 pitz’
627 963 684 1007 et
705 969 850 1006 xxu.
869 961 954 1008 41.
987 957 1004 984 ‘
1026 957 1190 1020 Cujus
1214 970 1276 1005 eo
1290 955 1376 1005 die
1394 954 1539 1019 (nam

468 1032 686 1087 alternis
701 1030 1098 1096 imperitabant)
1110 1031 1380 1100 imperium
1393 1029 1543 1093 erat.’

473 1108 677 1164 Seneca
696 1108 762 1159 de
783 1108 910 1159 Vita
926 1110 1096 1159 Beata
1114 1123 1230 1171 cap.
1246 1114 1297 1158 5.
1319 1111 1335 1137 ‘
1361 1107 1541 1157 Incer-

469 1185 774 1250 tissimaque
785 1184 1540 1248 dominiainpotentissimaque

475 1263 691 1311 alternis
710 1261 1085 1326 possidebant?
1108 1262 1341 1312 Martial.
1359 1261 1541 1325 Epigr-

475 1352 532 1391 V.
555 1344 634 1390 39.
669 1346 686 1369 ‘
708 1340 819 1391 Aut
847 1355 963 1391 cum
997 1340 1165 1391 fratre
1202 1339 1381 1389 sedere
1416 1338 1539 1388 Non

475 1424 629 1480 potes
655 1432 670 1465 :
717 1417 955 1483 alternis,
1002 1416 1325 1478 Calliodore,
1383 1414 1541 1467 sede.'

476 1493 725 1543 Fortasse
779 1493 892 1543 haec
934 1509 1045 1553 ⁸vox
1094 1502 1345 1557 corrupta
1399 1491 1538 1556 apud

474 1570 721 1619 Lactant.
744 1570 870 1619 Div.
890 1569 1028 1621 Inst.
1051 1584 1105 1620 v.
1135 1574 1216 1618 16.
1249 1577 1265 1598 ·
1282 1569 1541 1620 Quoniam

474 1646 657 1696 brevia
679 1652 735 1696 et
758 1645 958 1696 caduca
978 1653 1099 1696 sunt
1122 1645 1316 1710 omnia,
1336 1653 1392 1695 et
1407 1660 1541 1708 prae·

474 1721 655 1775 ferunt
676 1737 733 1773 se
755 1716 933 1774 alteri’s
963 1721 1239 1774 homines?
1294 1722 1354 1771 si
1390 1736 1541 1786 repo-

475 1806 629 1849 natur
649 1800 870 1860 alternis,
890 1805 950 1850 ut
972 1801 1038 1849 de
1064 1799 1411 1850 mutabilitate
1433 1797 1542 1848 for-

474 1882 640 1934 tunm,
677 1891 793 1940 quae
825 1874 999 1926 brevis
1035 1885 1114 1926 est
1137 1885 1192 1927 et
1214 1876 1431 1934 caduca,
1463 1878 1542 1925 lo-

470 1962 664 2018 quatur
687 1962 890 2018 auctor,
907 1971 1007 2022 qua
1022 1956 1227 2021 hicjam
1249 1955 1542 2020 extollitur,

472 2031 564 2081 ille
596 2031 925 2097 deprimitur.
958 2098 961 2103 μ
990 2032 1143 2083 Adde
1166 2033 1323 2084 Cerd.
1341 2042 1397 2083 et
1420 2033 1540 2083 Em-

473 2121 614 2158 men.
638 2109 706 2158 ad
728 2109 876 2171 Virg-
895 2110 1012 2160 Ecl.
1033 2124 1121 2161 ιιι.
1145 2114 1227 2159 59.
1248 2118 1304 2160 et
1326 2109 1541 2160 Abram.

474 2182 637 2233 Gron.
666 2183 732 2231 ad
753 2183 896 2235 Just.
927 2197 991 2233 ιι.
1025 2189 1075 2235 4.
1110 2187 1139 2249 §
1168 2188 1251 2234 12.
1323 2183 1546 2235 Auctio«-

475 2269 559 2312 est
583 2261 752 2325 Lugd.
775 2266 825 2311 2.
842 2268 901 2313 et
917 2262 1090 2313 Haun.
1113 2263 1316 2312 alternis
1329 2263 1544 2314 vicibus:

473 2344 536 2387 nt
559 2338 752 2387 Lucan.
777 2338 966 2390 Phars.
1000 2352 1040 2388 ι.
1065 2344 1180 2389 409.
1212 2341 1230 2370 ‘
1247 2339 1404 2391 Quod
1438 2348 1543 2391 ter-

474 2424 540 2462 ra
572 2411 871 2479 fretumque
892 2414 1143 2464 Vindicat
1176 2415 1392 2465 alternis
1416 2415 1543 2466 vici·

473 2488 608 2539 hum·
694 2489 883 2540 Seuec.
919 2490 1086 2541 Herc.
1139 2491 1269 2540 Fur.
1313 2506 1391 2539 vs.
1427 2495 1543 2542 977.

476 2565 645 2628 Hipp.
665 2569 904 2616 νι.1028.
927 2573 983 2617 et
1001 2566 1109 2616 alii.
1173 2565 1280 2616 Sed
1304 2566 1415 2617 haec
1439 2582 1544 2617 vox

475 2640 613 2689 male
632 2641 894 2705 repetitur
911 2655 979 2691 ex
995 2640 1370 2707 superioribus.
1391 2641 1546 2696 Arat-

474 2730 660 2767 zeum.

541 2793 800 2857 Imperium
827 2810 924 2844 non
945 2793 1103 2858 dedit]
1136 2796 1449 2845 Plutarchus
1470 2795 1544 2846 A·

476 2872 637 2920 mulio
675 2871 937 2936 pecunias,
972 2881 1029 2922 et
1050 2886 1232 2921 aurum
1261 2872 1419 2935 Troja
1453 2872 1546 2922 ad-

470 2955 689 2998 vectum
706 2957 849 2998 sorte
862 2949 1140 3014 contigisse
1160 2946 1343 3010 refert,
1361 2948 1545 3012 quibus

390 3042 396 3048 ’
474 3024 665 3088 opibus
689 3025 855 3075 fretus
879 3027 1047 3090 ipsum
1061 3025 1301 3083 fratrem,
1321 3025 1404 3075 cui
1429 3040 1547 3090 reg·

474 3114 598 3150 num
622 3109 870 3152 evenerat
893 3103 1131 3153 relictum
1156 3117 1187 3150 a
1208 3110 1361 3166 patre
1384 3103 1547 3152 haere·

476 3176 747 3240 ditarium,
785 3179 1007 3241 expulit.
1071 3178 1233 3227 Tacet
1273 3179 1544 3229 Cornelius

478 3253 548 3303 de
583 3265 754 3305 morte
781 3253 958 3304 fratris
978 3253 1191 3319 Sylvius,
1231 3253 1297 3302 de
1330 3269 1437 3318 qua
1457 3255 1547 3304 Li-

476 3330 622 3456 zius:
659 3333 676 3360 ‘
701 3331 849 3381 addit
872 3332 1059 3382 sceleri
1095 3332 1289 3396 scelus,
1327 3332 1566 3396 stirpem·

396 3454 399 3459 ,
505 3408 656 3457 ratris

725 3407 929 3457 virilem
996 3404 1295 3457 interfecit?
1378 3407 1546 3469 Quem

478 3481 909 3535 Halicarnasseus
945 3485 963 3513 ‘
984 3485 1238 3548 Egestum
1255 3483 1270 3506 ’
1288 3485 1546 3550 appellat.

482 3562 656 3611 Mas-h.

460 3635 492 3707 ..⁸
545 3638 703 3687 mam
730 3634 955 3701 Silvium]
992 3636 1326 3687 Plutarchus.
1377 3637 1547 3688 'Hanc

479 3714 565 3765 alii
588 3715 750 3770 Ilium,
791 3715 880 3763 alii
917 3715 1085 3770 Reum,
1114 3715 1204 3764 alii
1229 3714 1435 3764 Silvium
1454 3730 1545 3778 ap·

477 3793 697 3857 pellant.
733 3791 899 3840 Maeli.
965 3792 1287 3841 constanter
1324 3793 1376 3840 in
1411 3791 1546 3841 anti·

475 3870 595 3934 quis
614 3869 630 3897 ‘
654 3868 768 3917 Rea
789 3867 948 3916 Silvia
961 3867 977 3891 ⁹
995 3868 1261 3930 scribitur,
1280 3883 1424 3919 more
1446 3870 1545 3919 La·

476 3947 608 4003 tino,
630 3944 720 4008 qui
747 3941 860 3993 fere
883 3943 1258 4007 adspiratioues
1281 3944 1545 4011 auferunt,

478 4022 619 4072 uude
641 4021 755 4071 Cic.
776 4020 830 4069 in
852 4021 1008 4071 Orat.
1031 4035 1088 4070 se
1122 4036 1263 4071 more
1293 4022 1544 4086 majorum

478 4097 572 4148 diu
606 4096 854 4160 triumpos,
890 4110 993 4145 non
1030 4096 1314 4162 triumphos,
1352 4105 1410 4147 et
1442 4097 1545 4147 sor·

476 4182 618 4226 tasse
641 4178 837 4238 tropea,
859 4187 962 4224 nou
979 4173 1189 4239 trophaea
1211 4175 1547 4239 pronuntiare

480 4252 690 4303 solitum
710 4251 951 4302 affirmat.
1006 4252 1114 4302 Cur
1137 4253 1297 4301 etiam
1320 4258 1334 4280 ⁴
1353 4251 1547 4305 Silvia’

479 4336 539 4381 et
571 4331 587 4359 ⁶
606 4328 811 4380 suboles
829 4329 843 4350 '
872 4344 911 4405 ,²
936 4328 1206 4380 subolesco
1229 4328 1547 4395 scripserim,

1171 429 1394 479 No'rAE
1443 427 1857 481 vAluoRuM
1908 429 1990 485 ΙΝ

1611 563 1679 621 n'e
1691 569 1804 637 quis
1821 570 1964 622 forte
1979 570 2347 636 calumnietur,
2357 567 2531 623 studio
2546 582 2576 623 a
2592 584 2680 623 me

1614 648 1812 699 factum
1857 650 2010 713 sciat,
2055 657 2398 715 secutumque
2442 657 2678 699 veterum

1613 725 1865 775 librorum
1888 725 2254 776 auctoritatem
2269 733 2332 775 et
2352 725 2641 788 analogiam
2660 738 2677 773 ε

1616 803 1754 867 quod
1781 803 1968 867 ubique
1992 802 2256 855 facturum
2282 817 2364 855 me
2388 803 2547 851 semel
2568 815 2678 851 mo·

1615 880 1790 929 unisse
1830 878 2071 929 sufficiat.
2147 879 2234 928 De
2272 878 2462 927 Martis
2494 886 2680 940 stupro

1616 954 1734 1004 vide
1753 954 2010 1005 Prudeut.
2031 954 2114 1005 Ad
2124 969 2169 1003 v.
2190 953 2551 1018 Symmachum
2587 951 2680 1005 lib.

1611 1045 1658 1081 1.
1681 1039 1736 1081 et
1755 1031 1910 1081 Oros.
1929 1045 2007 1081 vr.
2032 1037 2077 1081 1.
2111 1031 2200 1097 qui
2237 1030 2302 1080 ad
2336 1044 2524 1080 nomen
2552 1030 2680 1079 allu-
2790 1072 2796 1079 .

1616 1106 1743 1156 dens
1764 1107 1782 1135 ‘
1805 1109 1967 1158 Ream
1991 1116 2206 1159 matrem
2223 1107 2393 1172 stupri
2409 1104 2566 1156 ream'
2588 1120 2681 1170 ap-

1613 1187 1795 1250 pellat.
1832 1187 2022 1237 Sabou.
2592 1200 2604 1211 ·

1689 1260 1873 1324 Veste]
1908 1263 2080 1312 Abest
2120 1262 2174 1310 in
2218 1261 2355 1311 Msc.
2398 1264 2580 1309 nostro
2619 1259 2685 1309 L.

1618 1339 1808 1388 Annaei
1845 1340 1989 1389 Flori
2014 1339 2192 1389 initio:
2227 1348 2284 1389 et
2315 1346 2461 1388 certe
2483 1336 2685 1389 Justiu.

1614 1414 1710 1464 lib.
1733 1428 1901 1473 xuu.
1922 1414 1974 1464 iu
1997 1416 2188 1465 Martis
2208 1415 2329 1464 luco
2351 1412 2682 1465 sacerdotem

1616 1484 1900 1541 fuisse'ait:
1934 1497 1991 1542 et
2014 1492 2286 1543 Plutarch.
2315 1491 2369 1539 in
2402 1487 2681 1541 Parallelis

1619 1572 1855 1616 extremo
1909 1566 2144 1628 sunonis,
2194 1567 2395 1616 diserte
2440 1579 2506 1614 ex
2561 1561 2682 1612 Ari·

1611 1641 1753 1692 stide
1789 1642 2012 1697 Milesio.
2091 1643 2163 1693 Et
2196 1641 2335 1691 infra
2375 1642 2572 1691 Noster
2615 1636 2682 1688 ad

1614 1720 1844 1770 Numam
1868 1718 2069 1769 referre
2091 1718 2324 1769 videtur.
2358 1718 2547 1769 Senon.

1681 1795 1981 1845 Sacerdotem
2014 1793 2261 1860 praefecit]
2309 1793 2586 1844 Sacer-doeio
2628 1793 2684 1843 in

1617 1871 1787 1935 Lugd.
1805 1873 1971 1922 altero
1985 1887 2007 1922 ,ε
2042 1870 2300 1937 quomodo
2322 1871 2461 1936 apud
2481 1869 2683 1922 Justin.

1615 1960 1678 1998 x.
1719 1952 1770 2000 2.
1814 1950 1843 2012 §
1880 1952 1932 2000 4.
1982 1947 2000 1976 ‘
2036 1949 2168 1998 Mox
2208 1947 2520 2011 poeniteutia
2554 1947 2683 2001 due·

1616 2029 1702 2073 tus
1733 2024 1867 2074 Solis
1897 2038 2018 2074 eam
2066 2022 2362 2074 sacerdotio
2411 2018 2690 2086 prefecit-⁸

1620 2102 1799 2152 Arntz.

1681 2179 1937 2229 Romulum
1953 2184 2001 2229 et
2025 2178 2247 2244 mum]
2263 2178 2482 2228 Inverso
2500 2175 2686 2229 ordine

1617 2262 1727 2307 tres
1749 2255 1935 2320 scripti
1960 2256 2163 2305 Reman·
2182 2261 2231 2305 et
2253 2255 2511 2305 Romam
2528 2271 2545 2303 .-
2579 2269 2685 2319 quo

1619 2333 1773 2384 modo
1814 2340 1874 2384 et
1919 2333 2005 2383 alii
2043 2332 2276 2383 ordinem
2322 2334 2683 2395 neglexerunt.

1614 2409 1757 2462 Just.
1779 2422 1950 2461 xun.
1974 2413 2025 2459 2.
2051 2411 2079 2472 §
2102 2410 2152 2457 7.
2188 2409 2205 2436 ‘
2231 2408 2462 2458 Nomina
2486 2407 2685 2472 pueris,

1618 2486 1773 2537 alteri
1821 2487 2007 2550 Remo,
2044 2485 2199 2535 alteri
2241 2485 2462 2537 Romulo
2501 2481 2685 2534 fuere.’

1618 2564 1830 2615 Cassius
1855 2564 1907 2612 in
1932 2565 2139 2625 Fragm.
2171 2561 2312 2612 Ann-
2331 2575 2397 2611 ιι.
2420 2577 2471 2626 ρ.
2490 2565 2576 2613 48.
2600 2561 2686 2611 ed.

1616 2642 1765 2692 Cort.
1787 2643 1803 2668 ‘
1827 2639 2158 2691 Praefecerat
2172 2639 2447 2703 aequaliter
2462 2638 2686 2702 imperio

1618 2718 1836 2767 Remum
1882 2726 1937 2768 et
1975 2714 2291 2767 Romulum.’
2329 2715 2595 2780 spartian.
2629 2716 2683 2765 in

1616 2795 1816 2845 Severo
1838 2804 1955 2859 cap.
1980 2798 2030 2844 1.
2052 2797 2068 2825 ‘
2087 2786 2253 2859 Lupae
2274 2808 2333 2844 se
2355 2792 2599 2844 uberibus
2622 2799 2683 2843 ut

1617 2871 1839 2921 Remum
1904 2871 2163 2920 inhaerere
2229 2870 2315 2920 vel
2373 2868 2687 2921 Romulum?

1615 2947 1763 2998 Serv.
1802 2946 1868 2997 ad
1912 2938 2064 3010 virg.
2107 2946 2226 2997 AEn.
2261 2960 2302 2996 1.
2338 2949 2453 2996 277.
2488 2953 2505 2976 ‘
2527 2945 2683 2995 Unde

1617 3024 1727 3073 nati
1749 3028 1869 3073 sunt
1892 3024 2083 3073 Remus
2102 3029 2159 3073 et
2174 3020 2467 3072 Romulus!
2497 3022 2684 3071 Festus

1618 3099 1672 3148 in
1695 3102 1712 3129 ⁴
1738 3099 2023 3149 Ruminalis
2040 3099 2076 3149 :'
2104 3099 2121 3126 ⁴
2140 3099 2288 3163 Lupa
2300 3112 2572 3148 mammam
2590 3097 2682 3147 de·

1617 3173 1697 3224 dit
1741 3176 1907 3225 Remo
1942 3183 1997 3223 et
2043 3172 2300 3224 Romulo.'
2350 3173 2571 3223 Tzetzes
2612 3173 2680 3223 ad

1616 3252 1877 3316 Lycophr.
1910 3250 2063 3301 Alex.
2098 3264 2172 3300 vs.
2206 3253 2352 3300 1226.
2384 3249 2562 3311 Ῥῶμον
2598 3248 2683 3300 καὶ

1614 3328 1855 3391 Ῥωμύλον
1904 3327 2001 3380 ἀπὸ
2069 3330 2315 3393 Κρεούσης
2378 3329 2682 3389 γεννηθῆναι.

1615 3408 1793 3460 Arm.

1684 3487 1714 3550 ς
1736 3489 1768 3534 2
1790 3485 1856 3534 Ia
1870 3484 2061 3534 vinula
2081 3479 2341 3546 compegit]
2376 3481 2465 3532 Sic
2475 3477 2688 3535 ‘Justim

1622 3561 1713 3612 lib.
1751 3575 1872 3612 xvi.
1904 3561 1920 3588 ‘
1945 3560 2117 3624 Igitur
2153 3559 2436 3610 Clearchus
2473 3572 2564 3608 Lx.
2600 3574 2684 3621 seo,

1617 3645 1828 3689 naiores
1869 3636 2273 3701 comprehensos
2323 3634 2472 3701 (nam
2515 3638 2683 3686 ceteri

1617 3717 1671 3766 in
1708 3714 1882 3779 fugam
1930 3713 2115 3775 dilapsi
2158 3712 2339 3775 erant)
2376 3712 2429 3761 in
2475 3713 2684 3764 vincula

1617 3788 1922 3856 compegit)
1999 3791 2218 3839 Plautus
2260 3788 2683 3851 Amphitruone:

1616 3870 1634 3898 ‘
1658 3868 1799 3920 Quid
1821 3866 2014 3917 faciam
2037 3881 2175 3916 nunc
2210 3866 2255 3915 si
2281 3866 2487 3915 tresviri
2519 3880 2602 3916 me
2625 3866 2680 3915 in

1617 3958 1881 3995 carcerem
1905 3941 2266 4006 compegerint
2279 3940 2317 3991 ?'
2356 3942 2445 3991 Sic
2468 3941 2605 3992 idem
2628 3942 2683 3991 iu

1616 4021 1958 4075 Menaechmis
1980 4028 2035 4070 et
2059 4019 2304 4069 Rudente
2323 4020 2569 4083 loquitur.
2602 4019 2683 4068 Si·

1617 4100 1766 4150 miles
1783 4097 1992 4148 dicendi
2016 4094 2209 4145 formas
2229 4094 2279 4147 in
2296 4096 2525 4145 melioris
2546 4103 2683 4146 notus

1620 4173 1916 4226 auctoribus
1952 4172 2230 4222 observare
2265 4171 2407 4221 lieet.
2462 4177 2479 4200 ‘
2496 4171 2562 4221 In
2593 4185 2679 4222 ca·-

1619 4261 1770 4303 tenas
1792 4249 2021 4314 conjecit
2036 4248 2053 4273 '
2076 4250 2251 4299 Coesar
2269 4248 2468 4298 comm.
2490 4248 2630 4297 Gall.
2644 4261 2684 4296 ι.

1618 4337 1635 4361 ·
1659 4329 1725 4379 In
1761 4327 2041 4393 compedes
2082 4322 2345 4390 conjecit’
2379 4324 2593 4374 Sueten.
2628 4323 2684 4373 iu
