3025 4934
626 432 1134 486 Auussnsvlc'r.
1171 434 1582 495 EPWOMEN,
1631 436 1794 484 cAP.
1846 434 2126 486 xhvnt.

264 583 471 645 ιακτὸν,
493 580 607 631 ἀλλ’
629 580 992 644 εὔφραινόμενος
1013 581 1087 629 ἐπ’
1110 580 1237 644 αὐτῇ
1258 578 1338 629 καὶ

263 659 357 708 τὸν
377 658 525 722 ἄνδρα
545 656 756 721 καθάπερ
775 656 1086 718 παιδαγωγὸν
1102 656 1136 715 ἢ
1155 654 1339 720 πατέρα

264 738 461 799 μᾶλλον
494 734 778 796 αἰδούμενος·
803 735 956 801 ἄρειον
992 734 1058 785 δὲ’
1083 735 1227 797 φίλον
1259 734 1340 784 καὶ

265 812 542 873 συμβιωτὴν
597 811 931 877 ἐπιγράφομαι.
1017 811 1339 862 Plutarchus

264 898 416 939 certe
453 890 507 938 in
543 889 652 938 vita
681 890 985 953 Poplicolae‚
1009 889 1335 938 Athenodori
1362 913 1367 916 ·

261 965 506 1029 quasdam
551 965 794 1029 advocat,
830 965 1073 1014 Octavia
1118 964 1339 1014 Caesaris

266 1042 438 1091 sorori
475 1042 741 1104 inscripta.
803 1042 1131 1105 Tranquillus
1176 1040 1334 1089 etiam

262 1118 435 1167 literis
460 1117 680 1182 Augusti
705 1115 1099 1167 Athenodorum
1116 1116 1333 1166 Claudio

261 1195 476 1245 'fiber-io
492 1197 784 1261 appositum
799 1197 973 1259 docet,
985 1196 1194 1261 quicum
1208 1208 1335 1260 quo·

262 1274 397 1323 tidie
447 1283 759 1331 versaretur,
804 1289 1001 1339 usuque
1049 1273 1336 1338 sapientior

264 1350 582 1401 efficeretur.
633 1352 853 1401 Claudio
867 1366 986 1413 cap.
999 1354 1049 1401 4.
1090 1350 1239 1400 Idem
1255 1356 1333 1398 ta-

263 1444 386 1479 men
420 1444 539 1493 cap.
572 1433 656 1480 41.
702 1431 907 1480 Livium
944 1442 1150 1495 quoque
1184 1426 1333 1476 fami-

260 1507 446 1556 liarem
466 1505 891 1571 fuisse,adeoque
916 1505 1208 1555 scribendae
1230 1506 1332 1555 bis·

262 1585 417 1633 toriae
470 1592 732 1635 auctorem
779 1583 1002 1633 Claudio
1051 1582 1339 1631 exstitisse.¹

264 1660 409 1712 Quid
435 1661 477 1709 ai
504 1661 665 1721 igitur
699 1662 813 1709 loco
835 1660 1083 1720 didicerat,
1105 1659 1243 1724 quod
1278 1658 1334 1707 in

260 1736 397 1786 Mss.
430 1734 623 1785 afuisse
654 1736 768 1799 jam
791 1735 1037 1797 diximus,
1068 1737 1150 1785 vel
1173 1736 1333 1793 Liuio,

261 1814 350 1861 vel
371 1814 674 1863 Athenodoro
689 1816 937 1878 (uterque
967 1814 1102 1862 enim
1127 1811 1334 1876 Augus-

262 1898 323 1939 to
348 1890 505 1953 juxta
535 1888 833 1955 familiaris)
854 1890 1103 1952 scriptum
1133 1889 1331 1939 fuerit?

262 1967 370 2017 Sed
413 1968 526 2015 baec
559 1967 862 2030 conjectura
900 1974 1101 2016 tantum
1135 1974 1331 2023 nostra,

260 2059 367 2093 non
390 2042 659 2106 τεκμήριον.
726 2044 1002 2106 Vulgatam
1037 2042 1201 2106 igitur
1225 2039 1331 2092 lec·

260 2121 458 2171 tionem
498 2121 741 2171 Frobenii
783 2128 840 2170 et
880 2120 1062 2171 Vineti
1105 2121 1331 2169 retinere

262 2200 461 2263 placet,
482 2199 628 2263 quasi
666 2196 959 2263 philosophi
992 2211 1178 2247 nomen
1208 2212 1332 2246 auc-

261 2276 394 2325 toris
418 2275 714 2325 memoriam
731 2273 925 2335 fugerit
947 2290 962 2335 ;
997 2274 1118 2324 dnm
1139 2275 1331 2325 veritas

259 2352 556 2401 Democriti
597 2360 759 2415 puteo
778 2345 956 2400 'mersa
1000 2352 1053 2399 in
1096 2351 1329 2415 apricum

260 2424 580 2492 proferatur,
602 2428 878 2492 Temporis
916 2427 1051 2476 enim
1087 2425 1194 2476 filia
1234 2437 1332 2477 est.

262 2504 457 2553 Schott.
526 2504 656 2566 Μαι.
695 2509 752 2552 et
773 2505 965 2553 Veron.
1005 2509 1262 2552 anatum.-
1301 2517 1331 2551 a

261 2580 452 2643 quibus
503 2581 660 2630 etiam
704 2581 945 2645 sequenti
988 2594 1138 2629 versu
1181 2581 1331 2629 abest

260 2657 518 2706 inclusum
570 2657 820 2707 didicerat.
900 2657 964 2706 In
1023 2655 1330 2720 quibusdam

261 2732 602 2796 edd01egitur
633 2731 719 2784 hic
751 2735 928 2782 locust
972 2733 1113 2782 Unde
1146 2733 1332 2782 modica

260 2809 493 2859 dilatione
533 2808 876 2859 emolliebatur.
940 2809 1212 2872 Aliquando
1258 2823 1329 2857 se-

259 2898 376 2933 vera
394 2890 627 2948 proecepla
648 2884 815 2935 ltabait
847 2887 906 2934 de
924 2886 1088 2948 Livio,
1109 2887 1186 2934 vel
1207 2888 1331 2948 qaod

265 2964 541 3025 Aug-astus,
561 2979 593 3012 a
613 2963 921 3027 philosophice
942 2966 1131 3013 doctore
1149 2964 1328 3014 didice-

258 3045 360 3089 rat.
406 3040 468 3089 In
491 3056 593 3107 qua
616 3042 844 3092 lectione
861 3041 1070 3093 Gifanio
1091 3046 1327 3107 παρεμβε-

259 3117 486 3180 βλημένα
507 3119 753 3169 videntur
769 3120 887 3180 ista,
901 3120 1154 3184 aliquando
1165 3136 1331 3171 severa

258 3202 518 3259 praecepta.
541 3195 689 3259 Sylb.
755 3197 871 3245 Vox
895 3198 1131 3246 didicerat
1151 3196 1328 3246 delen·

261 3273 351 3329 da,
373 3273 712 3323 suadentibus
736 3274 884 3323 libris
918 3278 1120 3324 calamo
1146 3290 1329 3324 exara·

260 3350 356 3411 tis,
375 3349 428 3398 in
450 3350 637 3414 quibus
660 3364 762 3400 non
780 3350 997 3402 visitur:
1020 3353 1177 3402 iidem
1202 3368 1331 3417 quo·

261 3441 367 3491 que
404 3426 602 3478 babent
638 3444 668 3475 a
695 3433 871 3478 natura
913 3436 1136 3479 tantum.
1180 3429 1332 3479 Grat-

259 3504 465 3553 Nescio
487 3518 614 3568 quas
637 3504 690 3552 in
720 3506 840 3555 loco
862 3506 1193 3569 apertissimo
1221 3515 1329 3557 tur·

259 3580 358 3628 bas
379 3582 613 3632 excitent
634 3581 732 3631 viri
756 3581 915 3639 docti,
953 3582 1331 3647 simplicissima

262 3664 348 3707 est
375 3658 535 3706 lectio
553 3658 684 3707 Mss.
707 3672 822 3724 quae
840 3660 1029 3708 tentari
1049 3674 1153 3708 non
1180 3660 1334 3710 debe·

260 3735 355 3784 bat
400 3736 717 3799 conjecturis
768 3736 941 3786 'rninus
988 3737 1331 3798 necessariis3

259 3827 442 3862 sensus
477 3820 582 3874 est,
618 3820 820 3862 tantum
855 3813 1202 3864 Theodosium
1240 3829 1331 3863 na·

257 3897 398 3938 tnrae
440 3887 694 3938 beneficio
737 3888 1039 3953 profecisse,
1083 3883 1331 3954 quantum

263 3966 541 4031 Augustus
563 3967 859 4016 litterarum
874 3964 1169 4030 disciplina.
1195 3967 1244 4015 H
1251 3981 1328 4015 oec

259 4044 341 4095 ita
363 4049 699 4107 opponuntur
721 4043 860 4105 apud
886 4042 1193 4094 Ciceronem
1234 4059 1330 4108 pro

263 4121 467 4173 Archia
503 4136 552 4172 c.
593 4125 647 4170 7.
683 4121 835 4182 ‘Ego
870 4122 1061 4170 multos
1098 4123 1329 4172 homines

262 4196 549 4248 excellenti
572 4198 740 4248 animo
764 4213 827 4248 ac
864 4198 1059 4248 virtute
1082 4197 1244 4249 fuisse
1272 4207 1328 4249 et

259 4276 376 4325 sine
413 4274 669 4338 doctrina,
695 4281 897 4327 naturas
941 4276 1104 4340 ipsius
1146 4276 1326 4328 babitu

2345 420 2472 487 851

1416 594 1581 644 prope
1604 579 1802 644 divino,
1838 595 1935 645 per
1968 596 2025 631 se
2059 581 2195 644 ipsos
2224 587 2282 632 et
2302 585 2479 633 mode·

1415 667 1556 709 ratos
1578 666 1633 710 et
1652 674 1837 722 graves
1860 660 2122 709 exstitisse
2145 657 2334 711 fateor.
2368 662 2481 712 Eti-

1415 752 1495 786 am
1520 736 1650 786 illud
1677 737 1923 801 adjungo,
1956 738 2148 801 aaepins
2181 736 2250 786 ad
2272 738 2479 788 laudem

1414 820 1575 877 atque
1608 813 1857 863 virtutem
1884 822 2119 863 naturam
2144 814 2256 863 sine
2285 814 2481 865 doctri·

1414 904 1501 947 na,
1542 904 1695 954 quam
1728 891 1842 939 sine
1876 899 2062 939 natura
2092 891 2316 940 valuisse
2354 891 2480 941 doc-

1416 965 1644 1016 trinam!
1706 966 1956 1016 Horatius
1994 967 2164 1029 Epist.
2201 980 2243 1016 1.
2289 971 2368 1017 18.
2408 982 2482 1017 vs.

1415 1048 1533 1093 100.
1562 1046 1578 1071 ⁸
1605 1041 1868 1093 Virtutem
1901 1042 2137 1093 doctrina
2175 1051 2343 1107 paret,
2391 1058 2482 1093 na-

1416 1127 1604 1170 turano
1631 1118 1829 1169 donet?
1897 1120 2083 1169 Cicero
2118 1119 2305 1170 iterum
2342 1120 2479 1171 Ora·

1413 1197 1557 1246 tione
1590 1210 1687 1259 pro
1719 1196 1859 1247 Mur.
1886 1210 1932 1247 c.
1967 1199 2048 1245 30.
2085 1201 2099 1225 ⁴
2129 1196 2361 1247 Fatebor
2395 1211 2479 1248 me

1412 1286 1618 1338 quoque
1652 1272 1704 1321 in
1735 1271 2112 1335 adolescentia,
2144 1270 2366 1332 diffisum
2402 1273 2482 1322 in·

1413 1343 1566 1413 genio
1590 1363 1724 1412 meo,
1748 1349 1996 1413 quaeaisse
2019 1348 2320 1411 adjumenta
2355 1348 2480 1398 doc·

1413 1423 1603 1475 trinael
1703 1424 1856 1476 Quod
1910 1425 2164 1475 rationem
2233 1425 2481 1489 loquendi

1413 1509 1640 1566 spectat,
1691 1517 1791 1550 non
1837 1503 2059 1551 multum
2104 1501 2216 1551 abit
2252 1501 2478 1551 Ovidius

1412 1595 1478 1629 ex
1501 1581 1663 1628 Pont.
1683 1578 1856 1641 Epist.
1878 1591 1958 1627 iv·
1982 1584 2034 1627 5.
2055 1582 2138 1628 sl.
2167 1584 2182 1606 ‘
2209 1578 2357 1627 Vivit
2386 1577 2477 1627 ad-

1406 1657 1531 1714 buc.
1577 1657 1841 1720 vitamque
1888 1655 1984 1705 tibi
2024 1655 2220 1706 debere
2261 1655 2481 1713 fatetur,

1409 1735 1579 1786 Quam
1598 1736 1736 1797 prius
1760 1749 1791 1782 a
1813 1732 1928 1784 miti
1952 1733 2163 1783 Caesare
2184 1747 2369 1782 munus
2385 1732 2478 1782 ba·

1411 1812 1546 1862 bet?
1608 1813 1665 1861 Si
1700 1812 1813 1876 quis
1852 1820 2024 1860 tamen
2060 1814 2249 1860 natam
2283 1824 2478 1860 munere

1412 1890 1659 1952 voluerit,
1703 1903 1804 1938 non
1845 1902 2165 1952 magnopere
2211 1887 2476 1952 pugnabo.
2534 1900 2538 1905 ·

1421 1966 1601 2017 Arata.

1476 2046 1505 2107 ξ
1547 2048 1607 2092 15
1643 2043 1857 2098 Monuit,
1888 2043 1970 2107 at]
2009 2040 2178 2092 Abest
2211 2049 2266 2091 et
2293 2057 2324 2091 a
2357 2057 2477 2091 nos-

1412 2121 1547 2170 tris:
1597 2128 1655 2169 et
1696 2120 1844 2169 uncis
1886 2120 2173 2169 incluserat
2209 2120 2478 2169 Scbottna.

1411 2200 1586 2247 Amtz.

1477 2276 1504 2338 ς
1546 2278 1609 2322 16
1656 2271 1825 2336 Rara]
1881 2273 2043 2321 Claroe
2082 2273 2219 2335 vulg.
2262 2277 2318 2321 et
2352 2286 2470 2320 mox

1405 2368 1557 2416 grave
1580 2355 1777 2417 pondus.
1844 2352 2063 2401 Rursum
2082 2350 2279 2412 benigni
2296 2350 2477 2413 princi-

1404 2444 1505 2494 pes,
1551 2430 1687 2493 quod
1732 2430 1916 2478 mirum
1970 2438 2219 2493 quantum
2279 2427 2478 2491 placet.

1410 2506 1581 2556 Iidem
1614 2505 1849 2555 sollicitus
1882 2505 2144 2563 attendere,
2175 2502 2376 2567 cujacii
2417 2510 2475 2552 et

1409 2584 1604 2633 Pithoei
1627 2583 1760 2631 liber
1779 2581 2072 2631 sollis-icilius
2100 2582 2350 2645 scriptum
2384 2580 2475 2629 ba-

1407 2661 1555 2712 bent.
1591 2660 1776 2710 Schott.

1471 2741 1498 2802 §
1527 2742 1589 2788 1⁷
1624 2738 1841 2800 Benigni
1870 2736 2166 2801 principum]
2217 2736 2471 2787 Horatius

1409 2815 1514 2865 od.
1558 2828 1623 2865 11.
1668 2819 1748 2865 18.
1786 2818 1837 2863 9.
1879 2812 1990 2863 ‘At
2030 2812 2160 2863 fides
2198 2822 2255 2863 et
2297 2815 2475 2879 ingeni

1407 2892 1650 2956 Benigna
1670 2905 1802 2939 vena
1832 2889 1949 2941 est.’
2002 2889 2253 2940 Pbaedrus
2280 2891 2410 2940 Fab.
2436 2907 2481 2941 1.

1406 2973 1490 3018 23.
1533 2969 1812 3031 ‘Namque
1854 2966 1954 3016 ista
1988 2966 2163 3016 subita
2197 2982 2280 3016 me
2313 2969 2475 3032 jubet

1406 3044 1706 3107 benignitas
1724 3042 1954 3105 vigilare
1970 3043 2006 3094 :²
2020 3043 2105 3091 ubi
2125 3044 2480 3105 Burmannus,

1406 3125 1508 3172 διο.
1564 3122 1613 3172 N
1620 3135 1683 3170 ec
1706 3134 1892 3169 caussa
1922 3128 2024 3180 est,
2045 3134 2138 3169 cnr
2152 3121 2386 3184 principes
2407 3137 2474 3171 ex

1409 3199 1530 3249 edd.
1553 3195 1800 3263 praeferat
1823 3198 1903 3246 vir
1925 3198 2129 3259 doctus,
2148 3214 2266 3248 cum
2301 3199 2377 3248 ita
2398 3201 2474 3249 le·

1407 3285 1561 3341 gatur
1580 3283 1763 3326 contra
1785 3289 1963 3325 omnes
1985 3276 2116 3325 Mss.
2139 3283 2196 3326 et
2217 3292 2320 3326 non
2338 3279 2472 3329 male

1407 3353 1558 3404 Leid.
1581 3357 1630 3402 2.
1646 3352 1948 3417 principium.
1984 3353 2189 3403 Nomen
2212 3354 2350 3404 enim
2373 3355 2474 3405 hoc

1405 3438 1632 3496 utroque
1679 3428 1834 3479 modo
1885 3427 2167 3493 genitivum
2217 3429 2472 3492 pluralem

1406 3508 1672 3557 terminat.
1710 3506 1893 3557 Cicero
1916 3521 2012 3570 pro
2043 3507 2254 3573 Ligario
2275 3525 2393 3575 cap.
2416 3515 2471 3563 6.

1404 3581 1643 3634 ‘Partim
1683 3583 1870 3633 studiis
1903 3598 1934 3633 a
1962 3586 2222 3636 communi
2246 3588 2476 3639 utilitate

1405 3661 1785 3712 aberrantibus.
1865 3661 2192 3727 Principium
2243 3665 2473 3728 dignitas

1410 3744 1528 3788 erat
1552 3752 1702 3803 pene
1738 3753 1832 3801 par
1851 3741 1882 3786 ι’
1921 3738 1996 3788 ita
2031 3739 2083 3789 in
2118 3741 2319 3805 scripto
2356 3744 2475 3793 cod.

1409 3817 1606 3878 inveni,
1631 3824 1699 3865 et
1735 3830 1979 3866 numerus
2014 3819 2258 3868 orationis
2289 3820 2474 3883 exigit.
2535 3860 2540 3868 .

1405 3893 1665 3944 Quinctil.
1710 3893 1865 3942 Deci.
1902 3906 1987 3942 11.
2029 3898 2079 3944 2.
2114 3894 2331 3944 ‘Habet
2369 3897 2471 3946 hoc

1404 3968 1527 4017 mali
1551 3968 1861 4031 principium
1885 3969 2180 4018 innocentia
2195 3967 2231 4018 τ’
2265 3970 2339 4020 sic
2357 3972 2472 4035 qni-

1404 4044 1523 4094 dem
1547 4045 1651 4095 Ma.
1682 4044 1820 4109 quod
1855 4045 2074 4109 contuli,
2112 4059 2227 4095 cum
2252 4049 2474 4096 nonnul·

1401 4124 1484 4181 lis,
1531 4138 1648 4188 quas
1694 4122 1872 4171 laudat
1915 4123 2261 4175 Burmannus.
2313 4124 2470 4175 Adde

1404 4200 1614 4251 Duker.
1648 4198 1713 4248 ad
1748 4200 1955 4249 Florum
1993 4211 2057 4249 n.
2093 4205 2143 4250 5.
2173 4198 2276 4249 fine
2299 4208 2355 4250 et
2382 4215 2469 4251 nr.

1404 4282 1486 4330 21.
1510 4280 1539 4343 ς
1564 4281 1644 4327 13.
1678 4290 1794 4327 cum
1820 4275 1998 4327 Cottio
2031 4276 2096 4325 ad
2129 4276 2255 4327 Sall.
2276 4276 2403 4343 Jug.
2424 4292 2472 4328 c.
