3025 4934
543 378 675 447 582

550 554 673 590 un.
708 555 787 591 va.
807 545 859 592 9.
923 539 1130 590 Etenim
1167 539 1371 603 generia
1394 536 1604 588 humaui

541 617 792 669 Servator
843 630 960 667 cum
1008 615 1276 665 homicidia
1328 615 1472 664 cruci
1522 620 1605 664 cet

544 693 749 745 affixus.
817 693 993 759 Atque
1031 693 1107 742 ita
1147 690 1420 742 ‘crucem’
1450 691 1604 755 cepal-

543 789 677 824 cnun
713 773 948 837 appellat
984 772 1205 822 Plautus
1236 771 1352 820 Mil.
1371 770 1517 820 Glor.
1540 781 1604 818 11.

542 845 595 901 4.
615 854 695 899 19.
729 849 745 877 ‘
763 849 882 899 Scio
904 859 1110 897 crucem
1130 846 1252 897 milli
1273 844 1496 895 futuram
1522 859 1602 894 ae-

544 921 816 989 pulcrum.'
849 924 1188 987 Septuaginta
1210 935 1304 985 per
1314 921 1475 983 ταφὴν
1486 933 1604 970 ver-

542 1009 682 1051 tunt.
747 1001 887 1054 Quia
911 1008 1102 1054 ‚autem
1138 999 1383 1048 Romanis
1407 999 1604 1049 usitata

541 1074 655 1126 fere
678 1083 794 1126 erat
817 1076 1088 1135 crematio,
1109 1074 1229 1123 binc
1253 1083 1347 1138 pro
1368 1088 1603 1123 cremare

542 1150 848 1216 frequenter
881 1151 1128 1212 occurrit,
1160 1151 1305 1213 cujus
1343 1151 1417 1198 rei
1440 1150 1624 1198 multa·

542 1229 781 1292 exempla
817 1226 995 1277 attulit
1040 1226 1277 1289 Cuperua
1306 1225 1436 1276 Oba.
1475 1239 1516 1274 1.
1553 1229 1603 1275 7.

543 1303 748 1356 Quibua
775 1301 896 1352 addi
916 1309 1095 1366 potest
1117 1302 1293 1352 Livius
1313 1315 1495 1352 xxvu.
1516 1306 1601 1351 28.

539 1381 555 1409 ⁶
581 1380 666 1430 Ibi
690 1381 954 1430 inventum
979 1379 1214 1429 Marcelli
1244 1392 1428 1442 corpur
1451 1392 1601 1442 aepa-

541 1459 604 1507 lit
625 1457 661 1508 2'
693 1464 750 1508 et
772 1471 820 1507 c.
838 1461 922 1507 42.
951 1457 1202 1507 ‘Suorum
1235 1469 1459 1519 corpora
1495 1455 1601 1505 col-

541 1535 652 1583 lata
676 1533 728 1583 in
749 1548 906 1583 unum
928 1532 1136 1595 sepeliri
1150 1530 1353 1595 jussit!
1420 1532 1604 1580 Senec-

539 1608 775 1673 'I'byeate
817 1624 893 1659 va.
937 1613 1085 1658 1028.
1116 1607 1376 1669 ‘sepelire
1424 1607 1603 1670 liceat,

537 1675 706 1736 redde
720 1687 856 1751 quod
872 1699 1053 1736 cernas
1066 1685 1240 1734 atatim
1256 1682 1389 1733 Uri!
1405 1683 1602 1736 Quinc·

539 1763 620 1813 til.
656 1763 805 1813 Deci.
837 1776 921 1812 vr.
947 1766 991 1811 1.
1020 1765 1037 1790 ‘
1058 1760 1232 1810 Etiam
1265 1759 1308 1808 ai
1342 1774 1490 1808 nemo
1525 1760 1603 1808 in·

538 1841 891 1904 terpellaaaet,
906 1851 1027 1887 aero
1049 1837 1323 1901 sepelirem
1341 1835 1375 1886 ι’
1396 1835 1447 1884 id
1461 1835 1602 1899 quod

539 1917 760 1980 exponit
793 1929 911 1979 cap.
954 1929 1064 1979 aeq.
1095 1916 1110 1943 ‘
1129 1914 1307 1964 Mater
1330 1913 1501 1974 ignem
1524 1912 1602 1961 nl·

540 1995 724 2042 timum
747 1991 854 2042 filio
877 1988 1073 2054 nega&
1139 1990 1288 2039 Idem
1313 1989 1467 2038 Deci.
1492 2000 1602 2041 xn.

543 2073 626 2120 14.
659 2069 675 2097 ‘
698 2068 1020 2118 circumdati
1058 2075 1181 2116 aunt
1218 2066 1429 2129 quidam
1456 2063 1601 2115 flam-

538 2146 659 2207 mis,
683 2145 797 2208 ipsa
819 2152 988 2192 tamen
1005 2157 1158 2204 poena
1168 2141 1353 2191 babuit
1366 2141 1599 2204 sepultu-

537 2218 687 2270 ram?
750 2219 906 2270 Adde
940 2218 1130 2268 ibidem
1158 2231 1206 2267 c.
1243 2220 1325 2265 12.
1358 2222 1413 2265 et
1445 2231 1496 2266 c.
1518 2220 1599 2266 13.

539 2297 738 2347 Lucan.
768 2309 844 2345 vx.
877 2299 993 2344 526.
1025 2295 1130 2343 ‘Et
1169 2307 1392 2343 accenso
1426 2294 1602 2356 rapuit

540 2388 656 2437 quae
676 2379 795 2423 tura
810 2370 1079 2436 sepulcro!
1118 2371 1257 2421 Flor.
1271 2382 1359 2420 ιιι.
1374 2375 1457 2420 21.
1474 2373 1501 2435 §
1518 2375 1602 2420 21.

540 2458 599 2499 et
627 2452 704 2501 26.
731 2457 786 2498 et
821 2449 993 2498 multis
1026 2448 1153 2498 locie
1177 2447 1374 2500 Justin.
1433 2448 1599 2498 Tacit.

539 2524 680 2575 Ann.
719 2538 784 2575 ιι.
811 2528 894 2575 73.
923 2524 1159 2592 ‘Corpus
1190 2530 1462 2588 autequam
1486 2540 1599 2576 ere·

538 2609 773 2651 meretur
799 2601 1043 2651 nudatum
1068 2602 1120 2649 in
1141 2599 1257 2650 foro
1280 2600 1599 2652 Antiochen·

539 2678 691 2736 aium,
712 2678 801 2743 qui
825 2679 969 2727 locus
1005 2678 1283 2740 sepultura
1307 2677 1599 2728 deatinaba·

537 2753 663 2806 tur.'
720 2754 894 2819 Atque
916 2754 1037 2803 hinc
1059 2761 1075 2784 ‘
1095 2755 1345 2803 tumulum
1363 2753 1381 2778 '
1414 2764 1470 2804 et
1487 2762 1504 2785 ‘
1520 2769 1600 2804 aa·

537 2830 776 2895 pulcrum
794 2828 810 2851 '
842 2829 1114 2892 distinguit
1135 2830 1472 2882 Quinctiliau.
1493 2832 1599 2882 De-

428 2944 433 2948 ·
539 2908 692 2958 clam.
734 2921 799 2957 ιι.
842 2910 920 2956 13.
952 2908 1115 2957 ‘Cum
1159 2908 1384 2958 maxime
1421 2907 1602 2958 inferi·

539 2998 654 3033 mua
698 2983 752 3034 in
792 2984 1018 3034 tumulos
1060 2998 1166 3048 oeae
1205 2983 1510 3048 insepultae
1544 2984 1597 3033 id

539 3068 642 3120 est,
665 3074 765 3112 uon
789 3067 1036 3111 cremata.
1068 3060 1244 3110 Arutz.

546 3171 551 3176 -
605 3139 636 3202 ξ
669 3142 733 3189 12
755 3136 1001 3202 Pyrrhus]
1027 3136 1199 3200 Caput
1219 3137 1317 3186 boc
1338 3136 1601 3199 integrum

540 3230 572 3264 a
596 3215 727 3264 Mea.
750 3223 850 3271 eat,
866 3215 917 3262 in
938 3214 1049 3276 quia
1067 3212 1247 3262 eadem
1268 3213 1425 3262 litera
1438 3216 1602 3277 aerip-

541 3299 651 3342 tum
673 3292 866 3341 inveni.
928 3290 992 3339 Iu
1028 3290 1187 3339 tertio
1221 3289 1285 3339 ad
1319 3304 1461 3340 oram
1485 3297 1603 3339 erat

541 3367 805 3431 adjectum
871 3373 1112 3430 tanquam
1175 3366 1601 3428 praetermissum.

541 3445 707 3493 Certe·
721 3443 843 3492 mihi
864 3456 967 3491 nou
987 3441 1048 3490 fit
1070 3441 1347 3490 verisimile
1370 3444 1601 3505 praeteri·

540 3527 648 3568 tum
688 3520 754 3568 ab
791 3524 1006 3567 auctore
1036 3523 1238 3565 tautum
1262 3517 1601 3581 virium-prm·

540 3594 722 3644 aertim
754 3607 870 3643 cum
907 3593 1138 3655 proxime
1171 3594 1307 3643 illius
1345 3596 1603 3646 meminis·

442 3662 461 3678 “
539 3678 644 3727 aet,
683 3678 738 3721 et
775 3684 867 3719 ano
892 3684 1036 3721 more
1074 3672 1208 3720 vitaa
1233 3672 1496 3735 subjicere
1520 3688 1602 3723 ao-

542 3749 668 3797 leat.
735 3747 857 3797 Non
898 3746 1195 3810 ignorabam
1249 3749 1299 3797 in
1343 3750 1601 3813 Eutropio

541 3823 724 3875 eadem
749 3822 861 3876 fere
882 3823 1008 3887 legi,
1024 3838 1199 3874 verum
1214 3823 1300 3874 hic
1322 3839 1389 3875 ue
1414 3841 1445 3875 a
1469 3826 1601 3878 Nos·

542 3905 629 3951 tro
651 3907 918 3950 mutuatus
941 3900 1027 3961 ait,
1048 3914 1113 3949 au
1142 3908 1345 3960 contra,
1366 3902 1481 3966 qnia
1511 3917 1602 3951 au·

541 3977 613 4026 ait
637 3976 1000 4038 pronuntiare?
1068 3976 1281 4026 Paulina
1304 3978 1439 4027 enim
1473 3978 1599 4027 Dia·

543 4068 722 4116 contra,
756 4059 815 4103 nt
857 4053 1066 4102 Festum
1111 4054 1418 4116 Pompeium
1459 4060 1601 4103 tran·

474 4139 479 4142 '
539 4131 815 4182 scribendo
849 4135 1174 4191 corruperat,
1216 4129 1290 4178 ita
1322 4138 1377 4178 et
1411 4131 1601 4179 Eutro-

541 4207 682 4270 pium
718 4207 951 4269 augendo
986 4205 1380 4269 contaminarat,
1401 4213 1461 4255 ut
1482 4221 1600 4271 qum

541 4284 781 4351 Eutropii
819 4291 996 4344 creent
1037 4284 1324 4350 dijudicare
1357 4287 1443 4337 vix
1481 4300 1600 4351 poa·

1236 391 1452 442 No‘rAE
1502 391 1597 441 VA
1610 388 1911 441 monum
1959 389 2043 439 IN

1678 549 1795 586 aea:
1832 536 1986 585 immo
2027 531 2333 596 Eutropium
2379 529 2598 595 amplius
2641 544 2736 595 ap·

1680 611 1977 676 pellandum
1994 625 2106 661 eaae
2125 622 2361 674 negares.
2426 607 2473 657 N
2480 605 2738 657 otabimua

1679 688 1935 754 quoedam.
1969 687 2217 738 Schottaa.
2286 685 2421 735 Hoec
2460 700 2492 734 a
2526 683 2736 734 librario

1679 773 1861 830 postea
1885 779 1951 813 ex
1973 764 2225 827 Eutropio
2247 776 2310 812 ιι.
2334 766 2414 812 14.
2436 761 2633 812 inserta
2654 774 2737 810 ea·

1677 857 1751 899 ee,
1774 851 1830 892 et
1867 841 1999 892 falao
2023 841 2235 892 Aurelio
2256 839 2539 903 adscripta,
2562 839 2738 903 colligi

1677 927 1853 982 posset
1892 933 1958 969 ex
1990 918 2134 969 bisce
2169 917 2375 968 verbis:
2411 920 2428 945 ⁶
2449 916 2556 969 Qui
2594 917 2737 978 priua

1678 997 1815 1045 inter
1849 997 2050 1060 legatos
2079 994 2347 1044 sollicitari
2383 1008 2483 1043 non
2509 1000 2738 1057 poterat,

1677 1081 1863 1138 quarta
1895 1074 2038 1136 regni
2073 1082 2223 1138 parte
2257 1071 2547 1137 promiaaa.'
2603 1073 2739 1122 Nar·

1677 1159 1823 1200 rarat
1849 1151 1953 1200 hoc
1982 1158 2137 1199 autea
2169 1151 2391 1212 Eutrop.
2429 1152 2624 1212 τιμᾶ.
2643 1147 2740 1198 aed

1676 1226 1813 1289 apud
1838 1226 2090 1276 Nostrum
2113 1225 2235 1275 nibil
2259 1226 2362 1274 tale
2398 1231 2608 1286 exatat3
2639 1238 2738 1274 nec

1676 1301 1744 1351 de
1785 1302 1903 1351 ullis
1938 1302 2237 1351 muneribus
2271 1301 2513 1351 Fabricio
2547 1301 2738 1350 oblatia

1669 1378 1873 1428 mentio
1904 1377 1984 1435 fit,
2020 1385 2079 1429 ut
2109 1378 2266 1429 facile
2298 1376 2604 1428 conficiatur
2626 1378 2739 1429 baec

1675 1468 1779 1504 nou
1801 1469 1913 1504 ease
1933 1456 1999 1505 ab
2023 1454 2236 1505 Aurelio
2252 1453 2512 1518 profecta.
2578 1455 2737 1505 Certe

1676 1535 1729 1584 iu
1748 1534 1981 1584 omnibus
2004 1533 2211 1584 Nostris
2233 1532 2578 1587 derideretur,
2592 1540 2650 1582 et
2663 1533 2737 1581 aie

1677 1610 1974 1675 oportebat.
2009 1608 2187 1660 Arata.

1741 1685 1953 1736 &cando
1980 1685 2176 1750 prelio]
2207 1684 2275 1735 A.
2293 1684 2363 1735 U.
2383 1684 2444 1734 C.
2462 1696 2738 1734 cmxxxv.

1677 1760 1895 1812 ducibus
1929 1761 1996 1812 P.
2037 1762 2259 1826 Sulpitio
2299 1762 2629 1825 Saverrione,
2673 1760 2742 1810 P.

1678 1839 1841 1890 Decio
1863 1838 2149 1904 Phyrrbico
2175 1838 2320 1887 Coae.
2335 1851 2548 1902 quorum
2573 1836 2663 1887 hic
2685 1838 2739 1885 in

1677 1930 1851 1981 pugna
1888 1916 2102 1979 cecidit,
2137 1923 2274 1967 teate
2305 1916 2476 1966 Cicer.
2510 1916 2576 1966 de
2598 1917 2739 1967 Fini·

1677 1992 1773 2042 bua
1796 1992 1887 2042 lib.
1908 2006 1973 2042 ιι.
2026 1992 2142 2040 Rex
2167 2007 2289 2041 vero
2305 1997 2375 2041 'ex
2399 1994 2566 2043 altera
2581 2000 2740 2056 parte

1676 2068 1978 2118 vulneratus
1995 2076 2110 2118 eat:
2135 2068 2201 2118 de
2225 2081 2315 2118 xl..
2336 2069 2565 2118 millibus
2587 2069 2743 2118 dimi-

1676 2144 1767 2192 dia
1786 2158 1905 2207 para
1926 2143 2189 2193 exercitur
2212 2145 2399 2193 amiaea
2417 2159 2434 2193 ι
2467 2144 2605 2208 apud
2630 2144 2743 2193 Ro·-

1673 2233 1851 2269 manoa
1906 2221 2137 2284 quinque
2190 2220 2351 2269 millia
2420 2219 2739 2277 deaiderata,

1674 2295 1912 2345 Frontiu.
1947 2294 2041 2344 lib.
2082 2308 2147 2345 ιι.
2192 2302 2249 2344 et
2290 2295 2512 2359 Eutrop.
2565 2294 2743 2345 Schoe-

1675 2377 1771 2422 ‘ma

1738 2448 1986 2500 Solia-ituri
2005 2464 2099 2499 nou
2109 2448 2289 2514 potnit]
2305 2447 2445 2499 Vide
2461 2449 2577 2498 Val.
2589 2449 2740 2499 Max.

1673 2538 1751 2576 lv.
1773 2530 1825 2576 3.
1874 2525 2107 2592 Agell.1.
2130 2530 2210 2576 14.
2257 2526 2454 2578 Juatin.
2484 2535 2650 2576 xvm.
2684 2534 2743 2577 et

1676 2603 1914 2653 Frontin.
1948 2617 2025 2652 iv.
2059 2608 2108 2653 3.
2153 2603 2342 2653 δώσει.
2412 2604 2606 2653 Lucan.
2646 2615 2742 2655 ιιι.

1677 2683 1790 2728 16⁰.
1845 2685 1861 2709 ‘
1884 2679 2004 2731 Quo
2048 2685 2103 2728 te
2146 2678 2418 2729 Fabricius
2465 2679 2576 2740 regi
2632 2692 2741 2728 non

1676 2754 1911 2807 vendidit
1934 2754 2097 2806 auro.’
2162 2755 2438 2807 Claudiani.
2454 2756 2590 2806 Bell.
2612 2755 2742 2805 Get.

1678 2848 1753 2882 va.
1774 2837 1891 2882 181.
1922 2835 1938 2863 ⁸
1956 2835 2026 2883 Et
2045 2834 2172 2883 nulli
2197 2834 2376 2898 pervia
2409 2833 2579 2896 cnlpae
2601 2832 2741 2883 Pec-

1677 2918 1795 2959 tora
1818 2910 2046 2960 Fabricii
2066 2910 2217 2960 donia
2231 2909 2423 2958 invicta
2443 2911 2525 2958 vel
2547 2908 2744 2959 armia.'

1675 2988 1747 3037 Et
1771 2987 1839 3037 de
1862 2987 2017 3038 Coua.
2053 2988 2275 3037 Houorii
2310 3001 2390 3036 ιν.
2421 2990 2537 3039 414.
2566 2994 2581 3017 ·
2606 2989 2740 3037 Pau-

1679 3078 1774 3128 per
1796 3063 2082 3122 Fabricius,
2099 3064 2299 3129 ‘Pyrrhi
2318 3078 2433 3114 cum
2465 3070 2743 3129 sperneret

1678 3139 1893 3190 aurum!
1924 3143 2096 3190 Arutz.

1738 3218 1765 3280 ξ
1800 3219 1863 3265 14
1904 3215 2128 3267 Vinctum
2158 3215 2347 3280 reduci]
2393 3216 2512 3266 Val.
2548 3215 2739 3266 Antias

1676 3298 1693 3321 ‘
1714 3292 2071 3346 Timocharem
2088 3292 2104 3315 '
2140 3292 2277 3357 regia
2299 3293 2517 3342 amicum
2539 3293 2738 3342 veniere

1675 3369 1836 3419 dicit:
1871 3369 2248 3433 Quadrigarius
2282 3375 2297 3399 ⁸
2321 3367 2557 3419 Niciam'
2590 3367 2737 3418 fami·

1675 3445 1855 3494 liarem
1894 3444 2316 3502 non>medicum;
2352 3458 2504 3508 quem
2529 3444 2738 3493 Niciam

1676 3530 1922 3584 corrupte
1935 3521 2119 3586 opinor
2140 3522 2373 3585 appellat
2384 3521 2613 3572 AElianua
2630 3523 2740 3572 ‘Ci-

1675 3598 1858 3648 neam'
1897 3599 1991 3649 lib.
2019 3612 2123 3649 ιιι.
2155 3605 2342 3648 nom.
2368 3599 2540 3664 ‘Im-op.
2604 3601 2739 3651 Vide

1674 3675 1849 3741 Agell.
1871 3690 1960 3726 ιιι.
1990 3681 2039 3727 8.
2091 3676 2357 3726 Plutarch.
2381 3678 2433 3725 in
2456 3677 2662 3742 Pyrrho
2684 3684 2741 3728 et

1675 3751 2215 3817 Apopbtbegmatibus
2243 3768 2258 3803 τ
2301 3753 2567 3812 Valerium
2593 3755 2630 3804 1.
2660 3768 2737 3803 vr.

1676 3829 1848 3879 Cicer.
1872 3828 2031 3880 Offic.
2052 3830 2143 3878 lib.
2163 3843 2202 3879 ι.
2234 3828 2431 3881 Justin.
2454 3830 2542 3879 lib.
2559 3842 2735 3880 xxm.

1676 3907 1977 3970 Sanco-Ep.
1996 3908 2108 3955 120.
2132 3912 2187 3955 et
2203 3905 2463 3956 Ammian.
2484 3905 2574 3955 lib.
2598 3918 2738 3955 xxx.

1675 3983 1863 4032 Sciron.
1929 3980 2035 4031 Adi
2059 3982 2301 4032 Perizon.
2321 3981 2386 4030 ad
2410 3980 2740 4030 AElian.Var.

1677 4058 1822 4107 Hiat.
1867 4070 1970 4106 xn-
2007 4060 2089 4105 38.
2137 4056 2321 4106 Barth.
2360 4056 2425 4105 ad
2464 4056 2736 4106 claudian.

1674 4133 1810 4183 Bell.
1833 4131 1976 4182 Gild.
2000 4146 2073 4181 va.
2093 4135 2211 4182 272.
2232 4140 2287 4182 et
2310 4131 2545 4182 Frontin.
2571 4134 2734 4183 Str-at.

1674 4223 1758 4261 lv.
1778 4213 1830 4259 4.
1851 4222 1936 4257 ex.
1956 4211 2007 4257 2.
2043 4208 2219 4257 Arata.

1741 4287 1877 4336 Car.
1900 4297 2103 4336 xxxvr.
2133 4285 2162 4349 ξ
2196 4288 2224 4333 1
2258 4282 2486 4349 Volainii]
2522 4283 2736 4345 variant
