<?xml version="1.0" encoding="UTF-8"?>
<!DOCTYPE html PUBLIC "-//W3C//DTD XHTML 1.0 Transitional//EN"
    "http://www.w3.org/TR/xhtml1/DTD/xhtml1-transitional.dtd">
<html xmlns="http://www.w3.org/1999/xhtml" xml:lang="en" lang="en">
 <head>
  <title>
</title>
<meta http-equiv="Content-Type" content="text/html;charset=utf-8" />
  <meta name='ocr-system' content='tesseract 3.04.00' />
  <meta name='ocr-capabilities' content='ocr_page ocr_carea ocr_par ocr_line ocrx_word'/>
</head>
<body>
  <div class='ocr_page' id='page_1' title='image "./sextiaureliivic00valpgoog_0269.png"; bbox 0 0 3025 4934; ppageno 0'>
   <div class='ocr_carea' id='block_1_1' title="bbox 599 413 2129 469">
    <p class='ocr_par' dir='ltr' id='par_1_1' title="bbox 599 413 2129 469">
     <span class='ocr_line' id='line_1_1' title="bbox 599 413 2129 469; baseline -0.005 0"><span class='ocrx_word' id='word_1_1' title='bbox 599 417 882 469; x_wconf 64' lang='lat' dir='ltr'>Auum„</span> <span class='ocrx_word' id='word_1_2' title='bbox 915 417 1114 465; x_wconf 80' lang='lat' dir='ltr'>Vlc&#39;r.</span> <span class='ocrx_word' id='word_1_3' title='bbox 1163 417 1264 464; x_wconf 80' lang='lat' dir='ltr'>DE</span> <span class='ocrx_word' id='word_1_4' title='bbox 1309 413 1750 464; x_wconf 72' lang='lat' dir='ltr'>oAESARmUS</span> <span class='ocrx_word' id='word_1_5' title='bbox 1799 414 1965 463; x_wconf 74' lang='lat' dir='ltr'>cAP.</span> <span class='ocrx_word' id='word_1_6' title='bbox 2014 413 2129 462; x_wconf 82' lang='lat' dir='ltr'>lx.</span> 
     </span>
    </p>
   </div>
   <div class='ocr_carea' id='block_1_2' title="bbox 277 558 1352 3217">
    <p class='ocr_par' dir='ltr' id='par_1_2' title="bbox 285 558 1323 704">
     <span class='ocr_line' id='line_1_2' title="bbox 286 558 1323 629; baseline -0.005 -16"><span class='ocrx_word' id='word_1_7' title='bbox 286 563 467 629; x_wconf 68' lang='lat' dir='ltr'>tuque,</span> <span class='ocrx_word' id='word_1_8' title='bbox 497 563 584 628; x_wconf 87' lang='lat' dir='ltr'>qui</span> <span class='ocrx_word' id='word_1_9' title='bbox 618 561 919 612; x_wconf 70' lang='lat' dir='ltr'>adtribuunt</span> <span class='ocrx_word' id='word_1_10' title='bbox 951 574 1111 610; x_wconf 87' lang='lat' dir='ltr'>snnos</span> <span class='ocrx_word' id='word_1_11' title='bbox 1134 559 1151 590; x_wconf 87' lang='lat'>‘</span> <span class='ocrx_word' id='word_1_12' title='bbox 1175 558 1323 624; x_wconf 86' lang='lat' dir='ltr'>qnin-</span> 
     </span>
     <span class='ocr_line' id='line_1_3' title="bbox 285 636 1036 704; baseline -0.005 -15"><span class='ocrx_word' id='word_1_13' title='bbox 285 640 514 704; x_wconf 74' lang='lat' dir='ltr'>quaginta</span> <span class='ocrx_word' id='word_1_14' title='bbox 536 646 592 688; x_wconf 91' lang='lat' dir='ltr'>et</span> <span class='ocrx_word' id='word_1_15' title='bbox 612 636 853 702; x_wconf 63' lang='lat' dir='ltr'>septem!</span> <span class='ocrx_word' id='word_1_16' title='bbox 890 637 1036 686; x_wconf 75' lang='lat' dir='ltr'>Grut-</span> 
     </span>
    </p>

    <p class='ocr_par' dir='ltr' id='par_1_3' title="bbox 279 712 1348 1386">
     <span class='ocr_line' id='line_1_4' title="bbox 340 712 1325 777; baseline -0.004 -13"><span class='ocrx_word' id='word_1_17' title='bbox 340 715 652 777; x_wconf 69' lang='lat' dir='ltr'>Septuaginta</span> <span class='ocrx_word' id='word_1_18' title='bbox 677 720 722 763; x_wconf 71' lang='grc' dir='ltr'><strong>ει</strong></span> <span class='ocrx_word' id='word_1_19' title='bbox 744 714 948 776; x_wconf 74' lang='lat' dir='ltr'>quinque</span> <span class='ocrx_word' id='word_1_20' title='bbox 969 712 1194 776; x_wconf 78' lang='lat' dir='ltr'>amplius]</span> <span class='ocrx_word' id='word_1_21' title='bbox 1236 712 1325 760; x_wconf 87' lang='lat' dir='ltr'>In-</span> 
     </span>
     <span class='ocr_line' id='line_1_5' title="bbox 282 789 1327 852; baseline -0.001 -13"><span class='ocrx_word' id='word_1_22' title='bbox 282 805 449 840; x_wconf 79' lang='lat' dir='ltr'>versns</span> <span class='ocrx_word' id='word_1_23' title='bbox 487 804 726 841; x_wconf 88' lang='lat' dir='ltr'>uumerus</span> <span class='ocrx_word' id='word_1_24' title='bbox 769 791 1000 840; x_wconf 89' lang='lat' dir='ltr'>Suetonii</span> <span class='ocrx_word' id='word_1_25' title='bbox 1036 798 1092 840; x_wconf 86' lang='lat' dir='ltr'>et</span> <span class='ocrx_word' id='word_1_26' title='bbox 1130 789 1327 852; x_wconf 78' lang='lat' dir='ltr'>Taciti,</span> 
     </span>
     <span class='ocr_line' id='line_1_6' title="bbox 282 868 1327 931; baseline 0 -15"><span class='ocrx_word' id='word_1_27' title='bbox 282 868 613 931; x_wconf 67' lang='lat' dir='ltr'>qninquaginta</span> <span class='ocrx_word' id='word_1_28' title='bbox 643 871 694 917; x_wconf 83' lang='lat' dir='ltr'>et</span> <span class='ocrx_word' id='word_1_29' title='bbox 720 872 927 931; x_wconf 74' lang='lat' dir='ltr'>septem3</span> <span class='ocrx_word' id='word_1_30' title='bbox 963 881 1113 930; x_wconf 88' lang='lat' dir='ltr'>quem</span> <span class='ocrx_word' id='word_1_31' title='bbox 1138 881 1327 916; x_wconf 83' lang='lat' dir='ltr'>annum</span> 
     </span>
     <span class='ocr_line' id='line_1_7' title="bbox 282 943 1327 1007; baseline -0.001 -14"><span class='ocrx_word' id='word_1_32' title='bbox 282 945 536 1007; x_wconf 69' lang='lat' dir='ltr'>explebat,</span> <span class='ocrx_word' id='word_1_33' title='bbox 553 945 738 994; x_wconf 86' lang='lat' dir='ltr'>Tacito</span> <span class='ocrx_word' id='word_1_34' title='bbox 759 944 897 993; x_wconf 88' lang='lat' dir='ltr'>Hist.</span> <span class='ocrx_word' id='word_1_35' title='bbox 917 956 1006 994; x_wconf 85' lang='grc' dir='ltr'>ιιι.</span> <span class='ocrx_word' id='word_1_36' title='bbox 1026 951 1159 992; x_wconf 86' lang='lat' dir='ltr'>extr.</span> <span class='ocrx_word' id='word_1_37' title='bbox 1225 943 1327 992; x_wconf 84' lang='lat' dir='ltr'>Dio</span> 
     </span>
     <span class='ocr_line' id='line_1_8' title="bbox 279 1018 1329 1092; baseline 0.001 -23"><span class='ocrx_word' id='word_1_38' title='bbox 279 1020 646 1092; x_wconf 61' lang='lat' dir='ltr'>⁸quinquaginta</span> <span class='ocrx_word' id='word_1_39' title='bbox 679 1028 903 1084; x_wconf 77' lang='lat' dir='ltr'>quatuor</span> <span class='ocrx_word' id='word_1_40' title='bbox 940 1034 1098 1068; x_wconf 85' lang='lat' dir='ltr'>annos</span> <span class='ocrx_word' id='word_1_41' title='bbox 1137 1018 1329 1070; x_wconf 76' lang='lat' dir='ltr'>vixisse</span> 
     </span>
     <span class='ocr_line' id='line_1_9' title="bbox 281 1095 1329 1147; baseline 0 -3"><span class='ocrx_word' id='word_1_42' title='bbox 281 1095 365 1145; x_wconf 82' lang='lat' dir='ltr'>sit.</span> <span class='ocrx_word' id='word_1_43' title='bbox 436 1098 668 1147; x_wconf 75' lang='lat' dir='ltr'><strong>Similem</strong></span> <span class='ocrx_word' id='word_1_44' title='bbox 699 1097 869 1146; x_wconf 90' lang='lat' dir='ltr'>locum</span> <span class='ocrx_word' id='word_1_45' title='bbox 900 1097 1184 1146; x_wconf 72' lang='lat' dir='ltr'>Pertinace</span> <span class='ocrx_word' id='word_1_46' title='bbox 1220 1095 1329 1145; x_wconf 81' lang='lat' dir='ltr'>vnl-</span> 
     </span>
     <span class='ocr_line' id='line_1_10' title="bbox 283 1171 1331 1236; baseline 0 -14"><span class='ocrx_word' id='word_1_47' title='bbox 283 1180 409 1235; x_wconf 72' lang='lat' dir='ltr'>gstae</span> <span class='ocrx_word' id='word_1_48' title='bbox 437 1172 521 1223; x_wconf 86' lang='lat' dir='ltr'>ed.</span> <span class='ocrx_word' id='word_1_49' title='bbox 550 1171 829 1222; x_wconf 73' lang='lat' dir='ltr'>emendare</span> <span class='ocrx_word' id='word_1_50' title='bbox 859 1172 1086 1236; x_wconf 86' lang='lat' dir='ltr'>memini,</span> <span class='ocrx_word' id='word_1_51' title='bbox 1110 1171 1198 1221; x_wconf 87' lang='lat' dir='ltr'>nbi</span> <span class='ocrx_word' id='word_1_52' title='bbox 1233 1186 1331 1235; x_wconf 85' lang='lat' dir='ltr'>pro</span> 
     </span>
     <span class='ocr_line' id='line_1_11' title="bbox 280 1249 1348 1313; baseline 0 -15"><span class='ocrx_word' id='word_1_53' title='bbox 280 1254 442 1311; x_wconf 74' lang='lat' dir='ltr'>septem</span> <span class='ocrx_word' id='word_1_54' title='bbox 470 1254 616 1313; x_wconf 72' lang='lat' dir='ltr'>atque</span> <span class='ocrx_word' id='word_1_55' title='bbox 644 1249 917 1311; x_wconf 69' lang='lat' dir='ltr'>sexaginta,</span> <span class='ocrx_word' id='word_1_56' title='bbox 946 1265 1032 1299; x_wconf 78' lang='lat' dir='ltr'>sex</span> <span class='ocrx_word' id='word_1_57' title='bbox 1061 1254 1198 1313; x_wconf 72' lang='lat' dir='ltr'>atque</span> <span class='ocrx_word' id='word_1_58' title='bbox 1225 1249 1348 1313; x_wconf 78' lang='lat' dir='ltr'>sep·&#39;</span> 
     </span>
     <span class='ocr_line' id='line_1_12' title="bbox 283 1324 1028 1386; baseline 0 -13"><span class='ocrx_word' id='word_1_59' title='bbox 283 1324 491 1386; x_wconf 60' lang='lat' dir='ltr'>tunginus</span> <span class='ocrx_word' id='word_1_60' title='bbox 510 1325 808 1385; x_wconf 67' lang='lat' dir='ltr'>legendum.</span> <span class='ocrx_word' id='word_1_61' title='bbox 842 1324 1028 1374; x_wconf 70' lang='lat' dir='ltr'>Schott.</span> 
     </span>
    </p>

    <p class='ocr_par' dir='ltr' id='par_1_4' title="bbox 280 1400 1340 2214">
     <span class='ocr_line' id='line_1_13' title="bbox 342 1400 1332 1465; baseline 0.001 -16"><span class='ocrx_word' id='word_1_62' title='bbox 342 1400 557 1465; x_wconf 74' lang='lat' dir='ltr'>Modica]</span> <span class='ocrx_word' id='word_1_63' title='bbox 594 1402 787 1450; x_wconf 89' lang='lat' dir='ltr'>Excnsi</span> <span class='ocrx_word' id='word_1_64' title='bbox 805 1400 1077 1458; x_wconf 73' lang='lat' dir='ltr'>immodica,</span> <span class='ocrx_word' id='word_1_65' title='bbox 1099 1414 1200 1448; x_wconf 88' lang='lat' dir='ltr'>non</span> <span class='ocrx_word' id='word_1_66' title='bbox 1220 1413 1332 1450; x_wconf 87' lang='lat' dir='ltr'>rec-</span> 
     </span>
     <span class='ocr_line' id='line_1_14' title="bbox 290 1474 1337 1538; baseline -0.001 -13"><span class='ocrx_word' id='word_1_67' title='bbox 290 1482 355 1526; x_wconf 81' lang='lat' dir='ltr'>te·</span> <span class='ocrx_word' id='word_1_68' title='bbox 385 1476 632 1528; x_wconf 75' lang='lat' dir='ltr'>Sehottus.</span> <span class='ocrx_word' id='word_1_69' title='bbox 703 1476 1028 1538; x_wconf 66' lang='lat' dir='ltr'>Sententism</span> <span class='ocrx_word' id='word_1_70' title='bbox 1049 1474 1258 1524; x_wconf 78' lang='lat' dir='ltr'>schotti</span> <span class='ocrx_word' id='word_1_71' title='bbox 1280 1482 1337 1524; x_wconf 86' lang='lat' dir='ltr'>et</span> 
     </span>
     <span class='ocr_line' id='line_1_15' title="bbox 280 1551 1334 1616; baseline -0.004 -12"><span class='ocrx_word' id='word_1_72' title='bbox 280 1568 446 1604; x_wconf 81' lang='lat' dir='ltr'>veram</span> <span class='ocrx_word' id='word_1_73' title='bbox 460 1555 740 1604; x_wconf 85' lang='lat' dir='ltr'>lectionem</span> <span class='ocrx_word' id='word_1_74' title='bbox 760 1559 972 1602; x_wconf 90' lang='lat' dir='ltr'>tuentur</span> <span class='ocrx_word' id='word_1_75' title='bbox 987 1551 1123 1601; x_wconf 85' lang='lat' dir='ltr'>infra</span> <span class='ocrx_word' id='word_1_76' title='bbox 1138 1552 1189 1600; x_wconf 91' lang='lat' dir='ltr'>in</span> <span class='ocrx_word' id='word_1_77' title='bbox 1211 1553 1334 1616; x_wconf 82' lang='lat' dir='ltr'>Epi-</span> 
     </span>
     <span class='ocr_line' id='line_1_16' title="bbox 283 1628 1335 1680; baseline 0 -2"><span class='ocrx_word' id='word_1_78' title='bbox 283 1635 413 1679; x_wconf 79' lang='lat' dir='ltr'>tome</span> <span class='ocrx_word' id='word_1_79' title='bbox 456 1630 559 1680; x_wconf 89' lang='lat' dir='ltr'>duo</span> <span class='ocrx_word' id='word_1_80' title='bbox 600 1628 754 1679; x_wconf 84' lang='lat' dir='ltr'>codd.</span> <span class='ocrx_word' id='word_1_81' title='bbox 791 1629 1097 1678; x_wconf 70' lang='lat' dir='ltr'>exhibentes</span> <span class='ocrx_word' id='word_1_82' title='bbox 1133 1630 1335 1678; x_wconf 76' lang='lat' dir='ltr'>modica.</span> 
     </span>
     <span class='ocr_line' id='line_1_17' title="bbox 282 1704 1335 1757; baseline -0.002 -2"><span class='ocrx_word' id='word_1_83' title='bbox 282 1705 420 1757; x_wconf 84' lang='lat' dir='ltr'><strong>Dicit</strong></span> <span class='ocrx_word' id='word_1_84' title='bbox 447 1708 588 1756; x_wconf 88' lang='lat' dir='ltr'>euim</span> <span class='ocrx_word' id='word_1_85' title='bbox 622 1720 802 1757; x_wconf 87' lang='lat' dir='ltr'>eornm</span> <span class='ocrx_word' id='word_1_86' title='bbox 824 1704 1165 1755; x_wconf 83' lang='lat' dir='ltr'>eruditionem</span> <span class='ocrx_word' id='word_1_87' title='bbox 1188 1720 1335 1754; x_wconf 85' lang='lat' dir='ltr'>cans·</span> 
     </span>
     <span class='ocr_line' id='line_1_18' title="bbox 280 1781 1337 1846; baseline 0 -15"><span class='ocrx_word' id='word_1_88' title='bbox 280 1796 378 1832; x_wconf 75' lang='lat' dir='ltr'>sam</span> <span class='ocrx_word' id='word_1_89' title='bbox 408 1781 593 1840; x_wconf 84' lang='lat' dir='ltr'>fuisse,</span> <span class='ocrx_word' id='word_1_90' title='bbox 612 1790 676 1833; x_wconf 87' lang='lat' dir='ltr'>ut</span> <span class='ocrx_word' id='word_1_91' title='bbox 708 1782 927 1844; x_wconf 88' lang='lat' dir='ltr'>minora,</span> <span class='ocrx_word' id='word_1_92' title='bbox 947 1795 1063 1846; x_wconf 75' lang='lat' dir='ltr'>quae</span> <span class='ocrx_word' id='word_1_93' title='bbox 1100 1782 1337 1831; x_wconf 86' lang='lat' dir='ltr'>commit-</span> 
     </span>
     <span class='ocr_line' id='line_1_19' title="bbox 282 1857 1337 1921; baseline -0.001 -13"><span class='ocrx_word' id='word_1_94' title='bbox 282 1857 537 1915; x_wconf 81' lang='lat' dir='ltr'>tebantur,</span> <span class='ocrx_word' id='word_1_95' title='bbox 561 1860 693 1907; x_wconf 81' lang='lat' dir='ltr'>vitia</span> <span class='ocrx_word' id='word_1_96' title='bbox 731 1859 1137 1921; x_wconf 71' lang='lat' dir='ltr'><strong>negligerentur,</strong></span> <span class='ocrx_word' id='word_1_97' title='bbox 1164 1864 1220 1907; x_wconf 88' lang='lat' dir='ltr'>et</span> <span class='ocrx_word' id='word_1_98' title='bbox 1251 1872 1337 1907; x_wconf 88' lang='lat' dir='ltr'>eo-</span> 
     </span>
     <span class='ocr_line' id='line_1_20' title="bbox 282 1934 1339 1997; baseline 0.001 -14"><span class='ocrx_word' id='word_1_99' title='bbox 282 1948 386 1984; x_wconf 78' lang='lat' dir='ltr'>rnm</span> <span class='ocrx_word' id='word_1_100' title='bbox 402 1935 657 1985; x_wconf 66' lang='lat' dir='ltr'>doctrinae</span> <span class='ocrx_word' id='word_1_101' title='bbox 673 1934 1111 1994; x_wconf 84' lang='lat' dir='ltr'>condonarentur,</span> <span class='ocrx_word' id='word_1_102' title='bbox 1129 1947 1339 1997; x_wconf 89' lang='lat' dir='ltr'>quomo-</span> 
     </span>
     <span class='ocr_line' id='line_1_21' title="bbox 281 2009 1338 2074; baseline -0.002 -13"><span class='ocrx_word' id='word_1_103' title='bbox 281 2009 345 2060; x_wconf 78' lang='lat' dir='ltr'>do</span> <span class='ocrx_word' id='word_1_104' title='bbox 365 2011 499 2061; x_wconf 82' lang='lat' dir='ltr'>hunc</span> <span class='ocrx_word' id='word_1_105' title='bbox 520 2012 694 2061; x_wconf 87' lang='lat' dir='ltr'>locum</span> <span class='ocrx_word' id='word_1_106' title='bbox 710 2011 838 2074; x_wconf 83' lang='lat' dir='ltr'>legit</span> <span class='ocrx_word' id='word_1_107' title='bbox 861 2018 916 2059; x_wconf 86' lang='lat' dir='ltr'>et</span> <span class='ocrx_word' id='word_1_108' title='bbox 932 2011 1175 2073; x_wconf 75' lang='lat' dir='ltr'>exposuit</span> <span class='ocrx_word' id='word_1_109' title='bbox 1193 2010 1338 2059; x_wconf 85' lang='lat' dir='ltr'>Gun-</span> 
     </span>
     <span class='ocr_line' id='line_1_22' title="bbox 284 2085 1340 2151; baseline 0 -16"><span class='ocrx_word' id='word_1_110' title='bbox 284 2086 471 2137; x_wconf 81' lang='lat' dir='ltr'>therius</span> <span class='ocrx_word' id='word_1_111' title='bbox 494 2088 568 2138; x_wconf 89' lang='lat' dir='ltr'>de</span> <span class='ocrx_word' id='word_1_112' title='bbox 588 2085 694 2137; x_wconf 81' lang='lat' dir='ltr'>Off.</span> <span class='ocrx_word' id='word_1_113' title='bbox 720 2088 877 2137; x_wconf 91' lang='lat' dir='ltr'>Dom.</span> <span class='ocrx_word' id='word_1_114' title='bbox 897 2088 1029 2150; x_wconf 74' lang='lat' dir='ltr'>Aug.</span> <span class='ocrx_word' id='word_1_115' title='bbox 1044 2100 1085 2136; x_wconf 90' lang='grc' dir='ltr'>ι.</span> <span class='ocrx_word' id='word_1_116' title='bbox 1106 2091 1186 2137; x_wconf 74' lang='grc'>30.</span> <span class='ocrx_word' id='word_1_117' title='bbox 1203 2101 1257 2151; x_wconf 81' lang='lat' dir='ltr'>p.</span> <span class='ocrx_word' id='word_1_118' title='bbox 1273 2102 1340 2136; x_wconf 85' lang='lat' dir='ltr'>m.</span> 
     </span>
     <span class='ocr_line' id='line_1_23' title="bbox 282 2164 606 2214; baseline 0.003 -1"><span class='ocrx_word' id='word_1_119' title='bbox 282 2167 390 2214; x_wconf 86' lang='grc'><strong>166.</strong></span> <span class='ocrx_word' id='word_1_120' title='bbox 422 2164 606 2214; x_wconf 72' lang='lat' dir='ltr'>Arntz.</span> 
     </span>
    </p>

    <p class='ocr_par' dir='ltr' id='par_1_5' title="bbox 277 2239 1352 3217">
     <span class='ocr_line' id='line_1_24' title="bbox 351 2239 1341 2304; baseline -0.001 -15"><span class='ocrx_word' id='word_1_121' title='bbox 351 2240 414 2289; x_wconf 72' lang='lat' dir='ltr'>In</span> <span class='ocrx_word' id='word_1_122' title='bbox 453 2242 735 2290; x_wconf 59' lang='lat' dir='ltr'>&amp;mmmmm</span> <span class='ocrx_word' id='word_1_123' title='bbox 773 2239 1129 2304; x_wconf 69' lang='lat' dir='ltr'>progrediente]</span> <span class='ocrx_word' id='word_1_124' title='bbox 1182 2239 1341 2288; x_wconf 83' lang='lat' dir='ltr'>Forte</span> 
     </span>
     <span class='ocr_line' id='line_1_25' title="bbox 283 2314 1339 2379; baseline 0.002 -17"><span class='ocrx_word' id='word_1_125' title='bbox 283 2314 388 2365; x_wconf 74' lang='lat' dir='ltr'>liaec</span> <span class='ocrx_word' id='word_1_126' title='bbox 423 2317 591 2367; x_wconf 80' lang='lat' dir='ltr'>verba</span> <span class='ocrx_word' id='word_1_127' title='bbox 627 2316 701 2366; x_wconf 88' lang='lat' dir='ltr'>ita</span> <span class='ocrx_word' id='word_1_128' title='bbox 738 2321 955 2379; x_wconf 89' lang='lat' dir='ltr'>possunt</span> <span class='ocrx_word' id='word_1_129' title='bbox 986 2316 1205 2378; x_wconf 81' lang='lat' dir='ltr'>exponi:</span> <span class='ocrx_word' id='word_1_130' title='bbox 1248 2314 1339 2365; x_wconf 85' lang='lat' dir='ltr'>ad·</span> 
     </span>
     <span class='ocr_line' id='line_1_26' title="bbox 277 2392 1342 2455; baseline 0.001 -15"><span class='ocrx_word' id='word_1_131' title='bbox 277 2401 445 2444; x_wconf 79' lang='lat' dir='ltr'>sumat</span> <span class='ocrx_word' id='word_1_132' title='bbox 460 2409 557 2443; x_wconf 92' lang='lat' dir='ltr'>seu</span> <span class='ocrx_word' id='word_1_133' title='bbox 572 2392 823 2443; x_wconf 72' lang='lat' dir='ltr'>adsciscat</span> <span class='ocrx_word' id='word_1_134' title='bbox 841 2408 954 2442; x_wconf 86' lang='lat' dir='ltr'>eam</span> <span class='ocrx_word' id='word_1_135' title='bbox 970 2392 1342 2455; x_wconf 75' lang='lat' dir='ltr'>eruditionem3</span> 
     </span>
     <span class='ocr_line' id='line_1_27' title="bbox 286 2468 1340 2531; baseline 0 -15"><span class='ocrx_word' id='word_1_136' title='bbox 286 2477 441 2527; x_wconf 89' lang='lat' dir='ltr'>curet,</span> <span class='ocrx_word' id='word_1_137' title='bbox 457 2477 519 2518; x_wconf 91' lang='lat' dir='ltr'>ut</span> <span class='ocrx_word' id='word_1_138' title='bbox 535 2483 603 2518; x_wconf 88' lang='lat' dir='ltr'>ea</span> <span class='ocrx_word' id='word_1_139' title='bbox 616 2468 853 2518; x_wconf 85' lang='lat' dir='ltr'>doctrina</span> <span class='ocrx_word' id='word_1_140' title='bbox 867 2469 935 2517; x_wconf 91' lang='lat' dir='ltr'>sit</span> <span class='ocrx_word' id='word_1_141' title='bbox 951 2470 1160 2524; x_wconf 87' lang='lat' dir='ltr'>tinctus,</span> <span class='ocrx_word' id='word_1_142' title='bbox 1173 2482 1340 2531; x_wconf 84' lang='lat' dir='ltr'>esque</span> 
     </span>
     <span class='ocr_line' id='line_1_28' title="bbox 284 2544 1345 2609; baseline 0.001 -16"><span class='ocrx_word' id='word_1_143' title='bbox 284 2551 474 2605; x_wconf 85' lang='lat' dir='ltr'>utatur,</span> <span class='ocrx_word' id='word_1_144' title='bbox 498 2560 602 2609; x_wconf 87' lang='lat' dir='ltr'>qna</span> <span class='ocrx_word' id='word_1_145' title='bbox 625 2546 784 2593; x_wconf 81' lang='lat' dir='ltr'>vitam</span> <span class='ocrx_word' id='word_1_146' title='bbox 804 2552 948 2593; x_wconf 86' lang='lat' dir='ltr'>recte</span> <span class='ocrx_word' id='word_1_147' title='bbox 975 2544 1265 2606; x_wconf 69' lang='lat' dir='ltr'>instituere,</span> <span class='ocrx_word' id='word_1_148' title='bbox 1290 2552 1345 2594; x_wconf 87' lang='lat' dir='ltr'>et</span> 
     </span>
     <span class='ocr_line' id='line_1_29' title="bbox 286 2619 1342 2683; baseline -0.003 -15"><span class='ocrx_word' id='word_1_149' title='bbox 286 2624 647 2671; x_wconf 85' lang='lat' dir='ltr'>auctoritatem</span> <span class='ocrx_word' id='word_1_150' title='bbox 688 2621 785 2669; x_wconf 85' lang='lat' dir='ltr'>sibi</span> <span class='ocrx_word' id='word_1_151' title='bbox 824 2620 990 2683; x_wconf 78' lang='lat' dir='ltr'>possit</span> <span class='ocrx_word' id='word_1_152' title='bbox 1031 2619 1342 2683; x_wconf 79' lang='lat' dir='ltr'>adquirere3</span> 
     </span>
     <span class='ocr_line' id='line_1_30' title="bbox 285 2696 1346 2761; baseline -0.004 -14"><span class='ocrx_word' id='word_1_153' title='bbox 285 2699 358 2747; x_wconf 88' lang='lat' dir='ltr'>sic</span> <span class='ocrx_word' id='word_1_154' title='bbox 392 2698 613 2761; x_wconf 79' lang='lat' dir='ltr'>genitivi</span> <span class='ocrx_word' id='word_1_155' title='bbox 647 2697 722 2747; x_wconf 90' lang='lat' dir='ltr'>illi</span> <span class='ocrx_word' id='word_1_156' title='bbox 757 2696 1060 2760; x_wconf 87' lang='lat' dir='ltr'>pendebunt</span> <span class='ocrx_word' id='word_1_157' title='bbox 1096 2712 1126 2745; x_wconf 90' lang='lat' dir='ltr'>a</span> <span class='ocrx_word' id='word_1_158' title='bbox 1164 2696 1346 2745; x_wconf 80' lang='lat' dir='ltr'>vocula</span> 
     </span>
     <span class='ocr_line' id='line_1_31' title="bbox 286 2772 1341 2836; baseline -0.002 -14"><span class='ocrx_word' id='word_1_159' title='bbox 286 2774 415 2823; x_wconf 79' lang='lat' dir='ltr'>sutis.</span> <span class='ocrx_word' id='word_1_160' title='bbox 470 2773 719 2824; x_wconf 79' lang='lat' dir='ltr'>Refertur</span> <span class='ocrx_word' id='word_1_161' title='bbox 741 2781 912 2824; x_wconf 85' lang='lat' dir='ltr'>antem</span> <span class='ocrx_word' id='word_1_162' title='bbox 939 2774 955 2801; x_wconf 89' lang='lat'>‘</span> <span class='ocrx_word' id='word_1_163' title='bbox 971 2772 1255 2836; x_wconf 78' lang='lat' dir='ltr'>elegantia’</span> <span class='ocrx_word' id='word_1_164' title='bbox 1278 2773 1341 2821; x_wconf 80' lang='lat' dir='ltr'>ad</span> 
     </span>
     <span class='ocr_line' id='line_1_32' title="bbox 288 2850 1350 2912; baseline 0.001 -13"><span class='ocrx_word' id='word_1_165' title='bbox 288 2853 542 2902; x_wconf 87' lang='lat' dir='ltr'>rationem</span> <span class='ocrx_word' id='word_1_166' title='bbox 596 2858 653 2901; x_wconf 86' lang='lat' dir='ltr'>et</span> <span class='ocrx_word' id='word_1_167' title='bbox 707 2852 1001 2902; x_wconf 86' lang='lat' dir='ltr'>institutum</span> <span class='ocrx_word' id='word_1_168' title='bbox 1048 2851 1168 2900; x_wconf 77' lang='lat' dir='ltr'>ritae</span> <span class='ocrx_word' id='word_1_169' title='bbox 1204 2850 1350 2912; x_wconf 76' lang='lat' dir='ltr'>Nep.</span> 
     </span>
     <span class='ocr_line' id='line_1_33' title="bbox 288 2926 1345 2993; baseline -0.001 -17"><span class='ocrx_word' id='word_1_170' title='bbox 288 2926 401 2978; x_wconf 77' lang='lat' dir='ltr'>Au.</span> <span class='ocrx_word' id='word_1_171' title='bbox 422 2945 469 2979; x_wconf 90' lang='lat' dir='ltr'>c.</span> <span class='ocrx_word' id='word_1_172' title='bbox 490 2934 572 2979; x_wconf 82' lang='lat'>19.</span> <span class='ocrx_word' id='word_1_173' title='bbox 588 2931 617 2993; x_wconf 63' lang='grc' dir='ltr'><strong>ξ</strong></span> <span class='ocrx_word' id='word_1_174' title='bbox 635 2932 683 2977; x_wconf 80' lang='grc'>2.</span> <span class='ocrx_word' id='word_1_175' title='bbox 716 2929 733 2956; x_wconf 86' lang='lat'>‘</span> <span class='ocrx_word' id='word_1_176' title='bbox 749 2929 1067 2977; x_wconf 73' lang='lat' dir='ltr'>Consecutus</span> <span class='ocrx_word' id='word_1_177' title='bbox 1089 2928 1230 2976; x_wconf 89' lang='lat' dir='ltr'>nulla</span> <span class='ocrx_word' id='word_1_178' title='bbox 1247 2928 1345 2976; x_wconf 83' lang='lat' dir='ltr'>alis</span> 
     </span>
     <span class='ocr_line' id='line_1_34' title="bbox 287 3002 1347 3070; baseline 0 -18"><span class='ocrx_word' id='word_1_179' title='bbox 287 3017 362 3064; x_wconf 84' lang='lat' dir='ltr'>re,</span> <span class='ocrx_word' id='word_1_180' title='bbox 395 3020 552 3070; x_wconf 85' lang='lat' dir='ltr'>quam</span> <span class='ocrx_word' id='word_1_181' title='bbox 591 3004 850 3069; x_wconf 71' lang='lat' dir='ltr'>elegantia</span> <span class='ocrx_word' id='word_1_182' title='bbox 881 3002 1036 3053; x_wconf 57' lang='lat' dir='ltr'>vitm)</span> <span class='ocrx_word' id='word_1_183' title='bbox 1101 3003 1277 3053; x_wconf 84' lang='lat' dir='ltr'>Livius</span> <span class='ocrx_word' id='word_1_184' title='bbox 1308 3003 1347 3052; x_wconf 82' lang='lat' dir='ltr'>l.</span> 
     </span>
     <span class='ocr_line' id='line_1_35' title="bbox 289 3077 1347 3143; baseline -0.004 -13"><span class='ocrx_word' id='word_1_185' title='bbox 289 3092 467 3132; x_wconf 78' lang='lat' dir='ltr'>xxxv.</span> <span class='ocrx_word' id='word_1_186' title='bbox 500 3095 549 3130; x_wconf 87' lang='lat' dir='ltr'>c.</span> <span class='ocrx_word' id='word_1_187' title='bbox 587 3084 672 3130; x_wconf 71' lang='lat'>³1.</span> <span class='ocrx_word' id='word_1_188' title='bbox 704 3083 721 3108; x_wconf 86' lang='lat'>‘</span> <span class='ocrx_word' id='word_1_189' title='bbox 742 3080 956 3143; x_wconf 77' lang='lat' dir='ltr'>Magnae</span> <span class='ocrx_word' id='word_1_190' title='bbox 996 3085 1101 3128; x_wconf 87' lang='lat' dir='ltr'>tum</span> <span class='ocrx_word' id='word_1_191' title='bbox 1140 3077 1208 3127; x_wconf 87' lang='lat' dir='ltr'>ob</span> <span class='ocrx_word' id='word_1_192' title='bbox 1241 3078 1347 3127; x_wconf 87' lang='lat' dir='ltr'>ele·</span> 
     </span>
     <span class='ocr_line' id='line_1_36' title="bbox 289 3153 1352 3217; baseline -0.002 -12"><span class='ocrx_word' id='word_1_193' title='bbox 289 3165 475 3217; x_wconf 79' lang='lat' dir='ltr'>gauter</span> <span class='ocrx_word' id='word_1_194' title='bbox 509 3162 680 3205; x_wconf 79' lang='lat' dir='ltr'>aetam</span> <span class='ocrx_word' id='word_1_195' title='bbox 703 3156 858 3204; x_wconf 80' lang='lat' dir='ltr'>vitam</span> <span class='ocrx_word' id='word_1_196' title='bbox 883 3153 1261 3213; x_wconf 58' lang='lat' dir='ltr'>auctoritatis?</span> <span class='ocrx_word' id='word_1_197' title='bbox 1294 3159 1352 3203; x_wconf 89' lang='lat' dir='ltr'>et</span> 
     </span>
    </p>
   </div>
   <div class='ocr_carea' id='block_1_3' title="bbox 288 3233 1358 3296">
    <p class='ocr_par' dir='ltr' id='par_1_6' title="bbox 288 3233 1358 3296">
     <span class='ocr_line' id='line_1_37' title="bbox 288 3233 1358 3296; baseline -0.006 -14"><span class='ocrx_word' id='word_1_198' title='bbox 288 3233 470 3283; x_wconf 84' lang='lat' dir='ltr'>Florus</span> <span class='ocrx_word' id='word_1_199' title='bbox 510 3247 553 3284; x_wconf 89' lang='lat'>1.</span> <span class='ocrx_word' id='word_1_200' title='bbox 590 3239 641 3284; x_wconf 82' lang='grc'>6.</span> <span class='ocrx_word' id='word_1_201' title='bbox 681 3234 697 3262; x_wconf 89' lang='lat'>‘</span> <span class='ocrx_word' id='word_1_202' title='bbox 719 3234 955 3296; x_wconf 76' lang='lat' dir='ltr'>Regnum</span> <span class='ocrx_word' id='word_1_203' title='bbox 990 3234 1130 3280; x_wconf 86' lang='lat' dir='ltr'>ultro</span> <span class='ocrx_word' id='word_1_204' title='bbox 1164 3238 1358 3293; x_wconf 79' lang='lat' dir='ltr'>petens.</span> 
     </span>
    </p>
   </div>
   <div class='ocr_carea' id='block_1_4' title="bbox 289 3307 1354 4123">
    <p class='ocr_par' dir='ltr' id='par_1_7' title="bbox 289 3307 1352 3527">
     <span class='ocr_line' id='line_1_38' title="bbox 289 3307 1352 3373; baseline -0.001 -16"><span class='ocrx_word' id='word_1_205' title='bbox 289 3310 496 3373; x_wconf 86' lang='lat' dir='ltr'>accepit</span> <span class='ocrx_word' id='word_1_206' title='bbox 519 3310 586 3358; x_wconf 88' lang='lat' dir='ltr'>ob</span> <span class='ocrx_word' id='word_1_207' title='bbox 606 3308 905 3358; x_wconf 84' lang='lat' dir='ltr'>industriam</span> <span class='ocrx_word' id='word_1_208' title='bbox 930 3315 985 3358; x_wconf 88' lang='lat' dir='ltr'>et</span> <span class='ocrx_word' id='word_1_209' title='bbox 1006 3307 1352 3371; x_wconf 62' lang='lat' dir='ltr'>elegantiusve</span> 
     </span>
     <span class='ocr_line' id='line_1_39' title="bbox 291 3386 1351 3450; baseline -0.004 -11"><span class='ocrx_word' id='word_1_210' title='bbox 291 3386 356 3439; x_wconf 85' lang='lat' dir='ltr'>In</span> <span class='ocrx_word' id='word_1_211' title='bbox 388 3389 505 3438; x_wconf 86' lang='lat' dir='ltr'>aliis</span> <span class='ocrx_word' id='word_1_212' title='bbox 540 3387 661 3437; x_wconf 89' lang='lat' dir='ltr'>edd.</span> <span class='ocrx_word' id='word_1_213' title='bbox 696 3388 779 3437; x_wconf 86' lang='lat' dir='ltr'>hic</span> <span class='ocrx_word' id='word_1_214' title='bbox 814 3386 949 3436; x_wconf 82' lang='lat' dir='ltr'>male</span> <span class='ocrx_word' id='word_1_215' title='bbox 983 3386 1184 3450; x_wconf 31' lang='lat' dir='ltr'>legitur·</span> <span class='ocrx_word' id='word_1_216' title='bbox 1208 3386 1351 3436; x_wconf 75' lang='lat' dir='ltr'>edili·</span> 
     </span>
     <span class='ocr_line' id='line_1_40' title="bbox 289 3461 1109 3527; baseline -0.006 -13"><span class='ocrx_word' id='word_1_217' title='bbox 289 3477 421 3514; x_wconf 69' lang='lat' dir='ltr'>onem</span> <span class='ocrx_word' id='word_1_218' title='bbox 442 3478 539 3527; x_wconf 88' lang='lat' dir='ltr'>pro</span> <span class='ocrx_word' id='word_1_219' title='bbox 558 3463 889 3513; x_wconf 76' lang='lat' dir='ltr'>eruditionem.</span> <span class='ocrx_word' id='word_1_220' title='bbox 920 3461 1109 3512; x_wconf 85' lang='lat' dir='ltr'>Arntz.</span> 
     </span>
    </p>

    <p class='ocr_par' dir='ltr' id='par_1_8' title="bbox 292 3537 1354 4123">
     <span class='ocr_line' id='line_1_41' title="bbox 356 3537 1352 3603; baseline -0.002 -13"><span class='ocrx_word' id='word_1_221' title='bbox 356 3540 670 3603; x_wconf 72' lang='lat' dir='ltr'>CAP.1x.§</span> <span class='ocrx_word' id='word_1_222' title='bbox 704 3543 731 3588; x_wconf 91' lang='lat'>1</span> <span class='ocrx_word' id='word_1_223' title='bbox 768 3539 978 3589; x_wconf 75' lang='lat' dir='ltr'>Sanetus</span> <span class='ocrx_word' id='word_1_224' title='bbox 1010 3537 1217 3600; x_wconf 67' lang='lat' dir='ltr'>omnian</span> <span class='ocrx_word' id='word_1_225' title='bbox 1227 3538 1352 3591; x_wconf 80' lang='lat' dir='ltr'>Vel·</span> 
     </span>
     <span class='ocr_line' id='line_1_42' title="bbox 292 3614 1351 3680; baseline 0 -16"><span class='ocrx_word' id='word_1_226' title='bbox 292 3615 425 3667; x_wconf 90' lang='lat' dir='ltr'>leius</span> <span class='ocrx_word' id='word_1_227' title='bbox 460 3630 526 3667; x_wconf 91' lang='grc' dir='ltr'>ιι.</span> <span class='ocrx_word' id='word_1_228' title='bbox 545 3621 628 3666; x_wconf 76' lang='grc'>46.</span> <span class='ocrx_word' id='word_1_229' title='bbox 650 3618 783 3680; x_wconf 79' lang='lat'>§11.</span> <span class='ocrx_word' id='word_1_230' title='bbox 817 3614 834 3641; x_wconf 89' lang='lat'>‘</span> <span class='ocrx_word' id='word_1_231' title='bbox 858 3615 957 3664; x_wconf 85' lang='lat' dir='ltr'>Vir</span> <span class='ocrx_word' id='word_1_232' title='bbox 990 3622 1169 3665; x_wconf 83' lang='lat' dir='ltr'>cetera</span> <span class='ocrx_word' id='word_1_233' title='bbox 1189 3629 1351 3664; x_wconf 85' lang='lat' dir='ltr'>sanc·</span> 
     </span>
     <span class='ocr_line' id='line_1_43' title="bbox 293 3689 1353 3756; baseline -0.002 -16"><span class='ocrx_word' id='word_1_234' title='bbox 293 3693 525 3746; x_wconf 86' lang='lat' dir='ltr'>tissimus</span> <span class='ocrx_word' id='word_1_235' title='bbox 562 3693 903 3756; x_wconf 88' lang='lat' dir='ltr'>immunisque</span> <span class='ocrx_word' id='word_1_236' title='bbox 944 3689 1353 3754; x_wconf 77' lang='lat' dir='ltr'>voluptatibus-⁹</span> 
     </span>
     <span class='ocr_line' id='line_1_44' title="bbox 293 3766 1353 3829; baseline 0 -14"><span class='ocrx_word' id='word_1_237' title='bbox 293 3767 383 3817; x_wconf 85' lang='lat' dir='ltr'>ubi</span> <span class='ocrx_word' id='word_1_238' title='bbox 415 3766 765 3817; x_wconf 86' lang='lat' dir='ltr'>conferendus</span> <span class='ocrx_word' id='word_1_239' title='bbox 805 3766 1033 3829; x_wconf 76' lang='lat' dir='ltr'>Schegk.</span> <span class='ocrx_word' id='word_1_240' title='bbox 1075 3766 1353 3815; x_wconf 85' lang='lat' dir='ltr'>Salmasius</span> 
     </span>
     <span class='ocr_line' id='line_1_45' title="bbox 295 3841 1353 3905; baseline -0.001 -14"><span class='ocrx_word' id='word_1_241' title='bbox 295 3843 359 3892; x_wconf 90' lang='lat' dir='ltr'>ad</span> <span class='ocrx_word' id='word_1_242' title='bbox 402 3843 655 3893; x_wconf 85' lang='lat' dir='ltr'>Trebellii</span> <span class='ocrx_word' id='word_1_243' title='bbox 698 3842 946 3892; x_wconf 87' lang='lat' dir='ltr'>Pollionis</span> <span class='ocrx_word' id='word_1_244' title='bbox 982 3841 1219 3904; x_wconf 79' lang='lat' dir='ltr'>Triginta</span> <span class='ocrx_word' id='word_1_245' title='bbox 1251 3842 1353 3905; x_wconf 78' lang='lat' dir='ltr'>Ty·</span> 
     </span>
     <span class='ocr_line' id='line_1_46' title="bbox 297 3917 1353 3969; baseline -0.001 -3"><span class='ocrx_word' id='word_1_246' title='bbox 297 3931 485 3967; x_wconf 87' lang='lat' dir='ltr'>rannos</span> <span class='ocrx_word' id='word_1_247' title='bbox 506 3933 555 3969; x_wconf 90' lang='lat' dir='ltr'>c.</span> <span class='ocrx_word' id='word_1_248' title='bbox 571 3922 655 3967; x_wconf 72' lang='grc'>33.</span> <span class='ocrx_word' id='word_1_249' title='bbox 676 3917 907 3968; x_wconf 82' lang='lat' dir='ltr'>Gronov.</span> <span class='ocrx_word' id='word_1_250' title='bbox 928 3917 992 3965; x_wconf 87' lang='lat' dir='ltr'>sd</span> <span class='ocrx_word' id='word_1_251' title='bbox 1018 3920 1200 3968; x_wconf 87' lang='lat' dir='ltr'>Senec.</span> <span class='ocrx_word' id='word_1_252' title='bbox 1221 3919 1353 3968; x_wconf 87' lang='lat' dir='ltr'>Con-</span> 
     </span>
     <span class='ocr_line' id='line_1_47' title="bbox 294 3996 1354 4047; baseline 0 -4"><span class='ocrx_word' id='word_1_253' title='bbox 294 3997 388 4044; x_wconf 86' lang='lat' dir='ltr'>sol.</span> <span class='ocrx_word' id='word_1_254' title='bbox 425 3997 490 4045; x_wconf 85' lang='lat' dir='ltr'>ad</span> <span class='ocrx_word' id='word_1_255' title='bbox 524 3998 695 4047; x_wconf 85' lang='lat' dir='ltr'>Marc.</span> <span class='ocrx_word' id='word_1_256' title='bbox 717 4011 767 4045; x_wconf 86' lang='lat' dir='ltr'>c.</span> <span class='ocrx_word' id='word_1_257' title='bbox 788 4000 872 4045; x_wconf 78' lang='grc'>25.</span> <span class='ocrx_word' id='word_1_258' title='bbox 895 4004 951 4045; x_wconf 93' lang='lat' dir='ltr'>et</span> <span class='ocrx_word' id='word_1_259' title='bbox 972 3996 1154 4045; x_wconf 68' lang='lat' dir='ltr'>Daris.</span> <span class='ocrx_word' id='word_1_260' title='bbox 1173 3996 1238 4045; x_wconf 87' lang='lat' dir='ltr'>ad</span> <span class='ocrx_word' id='word_1_261' title='bbox 1269 3996 1354 4046; x_wconf 86' lang='lat' dir='ltr'>Ci-</span> 
     </span>
     <span class='ocr_line' id='line_1_48' title="bbox 297 4072 1201 4123; baseline -0.001 -3"><span class='ocrx_word' id='word_1_262' title='bbox 297 4086 401 4120; x_wconf 87' lang='lat' dir='ltr'>cer.</span> <span class='ocrx_word' id='word_1_263' title='bbox 423 4073 492 4121; x_wconf 90' lang='lat' dir='ltr'>de</span> <span class='ocrx_word' id='word_1_264' title='bbox 513 4072 639 4123; x_wconf 85' lang='lat' dir='ltr'>Nat.</span> <span class='ocrx_word' id='word_1_265' title='bbox 663 4073 821 4122; x_wconf 84' lang='lat' dir='ltr'>Deor.</span> <span class='ocrx_word' id='word_1_266' title='bbox 845 4086 885 4122; x_wconf 87' lang='lat'>1.</span> <span class='ocrx_word' id='word_1_267' title='bbox 908 4076 991 4122; x_wconf 76' lang='lat'>22.</span> <span class='ocrx_word' id='word_1_268' title='bbox 1025 4072 1201 4122; x_wconf 70' lang='lat' dir='ltr'>Arm.</span> 
     </span>
    </p>
   </div>
   <div class='ocr_carea' id='block_1_5' title="bbox 300 4147 1372 4294">
    <p class='ocr_par' dir='ltr' id='par_1_9' title="bbox 300 4147 1372 4294">
     <span class='ocr_line' id='line_1_49' title="bbox 361 4147 1368 4211; baseline 0 -14"><span class='ocrx_word' id='word_1_269' title='bbox 361 4149 513 4197; x_wconf 78' lang='lat' dir='ltr'>Brevi</span> <span class='ocrx_word' id='word_1_270' title='bbox 547 4148 737 4210; x_wconf 66' lang='lat' dir='ltr'>refecit]</span> <span class='ocrx_word' id='word_1_271' title='bbox 771 4148 956 4211; x_wconf 71' lang='lat' dir='ltr'>¹[Vide</span> <span class='ocrx_word' id='word_1_272' title='bbox 993 4149 1139 4198; x_wconf 71' lang='lat' dir='ltr'>Lect-</span> <span class='ocrx_word' id='word_1_273' title='bbox 1173 4147 1368 4211; x_wconf 85' lang='lat' dir='ltr'>Varr.]·</span> 
     </span>
     <span class='ocr_line' id='line_1_50' title="bbox 300 4223 1372 4294; baseline -0.005 -16"><span class='ocrx_word' id='word_1_274' title='bbox 300 4225 404 4278; x_wconf 85' lang='lat' dir='ltr'>Sed</span> <span class='ocrx_word' id='word_1_275' title='bbox 444 4225 576 4275; x_wconf 79' lang='lat' dir='ltr'>brevi</span> <span class='ocrx_word' id='word_1_276' title='bbox 609 4226 774 4285; x_wconf 78' lang='lat' dir='ltr'>refecit</span> <span class='ocrx_word' id='word_1_277' title='bbox 809 4223 950 4274; x_wconf 83' lang='lat' dir='ltr'>infra</span> <span class='ocrx_word' id='word_1_278' title='bbox 989 4224 1147 4274; x_wconf 89' lang='lat' dir='ltr'>etiam</span> <span class='ocrx_word' id='word_1_279' title='bbox 1187 4230 1278 4282; x_wconf 76' lang='lat' dir='ltr'>est¹</span> <span class='ocrx_word' id='word_1_280' title='bbox 1304 4224 1372 4294; x_wconf 36' lang='lat' dir='ltr'>in·</span> 
     </span>
    </p>
   </div>
   <div class='ocr_carea' id='block_1_6' title="bbox 2317 366 2461 464">
    <p class='ocr_par' dir='ltr' id='par_1_10' title="bbox 2317 366 2461 464">
     <span class='ocr_line' id='line_1_51' title="bbox 2317 366 2461 464; baseline -0.007 0"><span class='ocrx_word' id='word_1_281' title='bbox 2317 366 2461 464; x_wconf 61' lang='lat'><strong>&#39;711</strong></span> 
     </span>
    </p>
   </div>
   <div class='ocr_carea' id='block_1_7' title="bbox 1400 555 2497 4290">
    <p class='ocr_par' dir='ltr' id='par_1_11' title="bbox 1400 555 1986 623">
     <span class='ocr_line' id='line_1_52' title="bbox 1400 555 1986 623; baseline -0.002 -15"><span class='ocrx_word' id='word_1_282' title='bbox 1400 555 1646 623; x_wconf 83' lang='lat' dir='ltr'>Epitorne</span> <span class='ocrx_word' id='word_1_283' title='bbox 1667 560 1696 623; x_wconf 65' lang='grc' dir='ltr'><strong>ς</strong></span> <span class='ocrx_word' id='word_1_284' title='bbox 1721 562 1771 608; x_wconf 97' lang='grc'>6.</span> <span class='ocrx_word' id='word_1_285' title='bbox 1808 556 1986 608; x_wconf 76' lang='lat' dir='ltr'>Arstz.</span> 
     </span>
    </p>

    <p class='ocr_par' dir='ltr' id='par_1_12' title="bbox 1401 632 2479 1374">
     <span class='ocr_line' id='line_1_53' title="bbox 1462 632 2467 700; baseline -0.002 -15"><span class='ocrx_word' id='word_1_286' title='bbox 1462 637 1492 700; x_wconf 63' lang='grc' dir='ltr'><strong>ς</strong></span> <span class='ocrx_word' id='word_1_287' title='bbox 1535 639 1568 685; x_wconf 76' lang='lat'>4</span> <span class='ocrx_word' id='word_1_288' title='bbox 1612 634 1813 684; x_wconf 78' lang='lat' dir='ltr'>Divinis</span> <span class='ocrx_word' id='word_1_289' title='bbox 1853 632 2064 697; x_wconf 67' lang='lat' dir='ltr'>deditus]</span> <span class='ocrx_word' id='word_1_290' title='bbox 2107 632 2278 684; x_wconf 80' lang='lat' dir='ltr'>Tacit.</span> <span class='ocrx_word' id='word_1_291' title='bbox 2316 633 2467 689; x_wconf 83' lang='lat' dir='ltr'>Hist.</span> 
     </span>
     <span class='ocr_line' id='line_1_54' title="bbox 1403 709 2464 775; baseline 0 -14"><span class='ocrx_word' id='word_1_292' title='bbox 1403 710 1539 774; x_wconf 82' lang='lat' dir='ltr'>Aug.</span> <span class='ocrx_word' id='word_1_293' title='bbox 1572 710 1665 760; x_wconf 85' lang='lat' dir='ltr'>lib.</span> <span class='ocrx_word' id='word_1_294' title='bbox 1703 724 1765 759; x_wconf 92' lang='grc' dir='ltr'>ιι.</span> <span class='ocrx_word' id='word_1_295' title='bbox 1811 709 2046 760; x_wconf 78' lang='lat' dir='ltr'>C‘oeteri</span> <span class='ocrx_word' id='word_1_296' title='bbox 2089 725 2339 775; x_wconf 86' lang='lat' dir='ltr'>responsa</span> <span class='ocrx_word' id='word_1_297' title='bbox 2374 726 2464 762; x_wconf 74' lang='lat' dir='ltr'>va·</span> 
     </span>
     <span class='ocr_line' id='line_1_55' title="bbox 1403 786 2468 839; baseline 0.001 -2"><span class='ocrx_word' id='word_1_298' title='bbox 1403 794 1511 837; x_wconf 85' lang='lat' dir='ltr'>tum</span> <span class='ocrx_word' id='word_1_299' title='bbox 1545 793 1600 837; x_wconf 88' lang='lat' dir='ltr'>et</span> <span class='ocrx_word' id='word_1_300' title='bbox 1630 787 1856 837; x_wconf 88' lang='lat' dir='ltr'>siderum</span> <span class='ocrx_word' id='word_1_301' title='bbox 1890 793 2058 837; x_wconf 86' lang='lat' dir='ltr'>motus</span> <span class='ocrx_word' id='word_1_302' title='bbox 2092 786 2324 837; x_wconf 80' lang='lat' dir='ltr'>referre:</span> <span class='ocrx_word' id='word_1_303' title='bbox 2367 802 2468 839; x_wconf 83' lang='lat' dir='ltr'>nee</span> 
     </span>
     <span class='ocr_line' id='line_1_56' title="bbox 1402 862 2468 927; baseline 0.004 -15"><span class='ocrx_word' id='word_1_304' title='bbox 1402 870 1520 912; x_wconf 87' lang='lat' dir='ltr'>erat</span> <span class='ocrx_word' id='word_1_305' title='bbox 1562 863 1792 912; x_wconf 86' lang='lat' dir='ltr'>intactus</span> <span class='ocrx_word' id='word_1_306' title='bbox 1820 862 1929 912; x_wconf 79' lang='lat' dir='ltr'>&#39;tali</span> <span class='ocrx_word' id='word_1_307' title='bbox 1973 863 2364 927; x_wconf 75' lang='lat' dir='ltr'>superstitione,</span> <span class='ocrx_word' id='word_1_308' title='bbox 2407 873 2468 916; x_wconf 81' lang='lat' dir='ltr'>ut</span> 
     </span>
     <span class='ocr_line' id='line_1_57' title="bbox 1401 938 2467 1004; baseline 0.002 -17"><span class='ocrx_word' id='word_1_309' title='bbox 1401 940 1488 1004; x_wconf 88' lang='lat' dir='ltr'>qui</span> <span class='ocrx_word' id='word_1_310' title='bbox 1534 953 1656 987; x_wconf 81' lang='lat' dir='ltr'>mox</span> <span class='ocrx_word' id='word_1_311' title='bbox 1697 953 1869 988; x_wconf 88' lang='lat' dir='ltr'>rerum</span> <span class='ocrx_word' id='word_1_312' title='bbox 1913 938 2148 988; x_wconf 84' lang='lat' dir='ltr'>dominus</span> <span class='ocrx_word' id='word_1_313' title='bbox 2194 940 2467 989; x_wconf 83' lang='lat' dir='ltr'>Seleucum</span> 
     </span>
     <span class='ocr_line' id='line_1_58' title="bbox 1401 1015 2479 1083; baseline -0.001 -18"><span class='ocrx_word' id='word_1_314' title='bbox 1401 1015 1656 1083; x_wconf 81' lang='lat' dir='ltr'>quendam</span> <span class='ocrx_word' id='word_1_315' title='bbox 1678 1015 2102 1065; x_wconf 83' lang='lat' dir='ltr'>mathematicum</span> <span class='ocrx_word' id='word_1_316' title='bbox 2125 1023 2382 1065; x_wconf 87' lang='lat' dir='ltr'>rectorem</span> <span class='ocrx_word' id='word_1_317' title='bbox 2411 1022 2479 1066; x_wconf 85' lang='lat' dir='ltr'>et.</span> 
     </span>
     <span class='ocr_line' id='line_1_59' title="bbox 1403 1089 2465 1159; baseline -0.001 -16"><span class='ocrx_word' id='word_1_318' title='bbox 1403 1094 1677 1159; x_wconf 80' lang='lat' dir='ltr'>praescium</span> <span class='ocrx_word' id='word_1_319' title='bbox 1731 1094 1904 1156; x_wconf 84' lang='lat' dir='ltr'>palam</span> <span class='ocrx_word' id='word_1_320' title='bbox 1958 1089 2237 1141; x_wconf 64' lang='lat' dir='ltr'>habuerit!</span> <span class='ocrx_word' id='word_1_321' title='bbox 2328 1092 2465 1142; x_wconf 85' lang='lat' dir='ltr'>Vide</span> 
     </span>
     <span class='ocr_line' id='line_1_60' title="bbox 1403 1167 2474 1234; baseline -0.003 -14"><span class='ocrx_word' id='word_1_322' title='bbox 1403 1172 1553 1221; x_wconf 86' lang='lat' dir='ltr'>Suet.</span> <span class='ocrx_word' id='word_1_323' title='bbox 1588 1171 1807 1234; x_wconf 78' lang='lat' dir='ltr'>vespas.</span> <span class='ocrx_word' id='word_1_324' title='bbox 1843 1184 1959 1231; x_wconf 82' lang='lat' dir='ltr'>cap.</span> <span class='ocrx_word' id='word_1_325' title='bbox 1988 1169 2082 1217; x_wconf 87' lang='lat' dir='ltr'>ult.</span> <span class='ocrx_word' id='word_1_326' title='bbox 2112 1167 2252 1217; x_wconf 89' lang='lat' dir='ltr'>uude</span> <span class='ocrx_word' id='word_1_327' title='bbox 2283 1168 2369 1217; x_wconf 89' lang='lat' dir='ltr'>hic</span> <span class='ocrx_word' id='word_1_328' title='bbox 2399 1168 2474 1217; x_wconf 76' lang='grc' dir='ltr'>υἱ-</span> 
     </span>
     <span class='ocr_line' id='line_1_61' title="bbox 1404 1243 2471 1311; baseline -0.005 -15"><span class='ocrx_word' id='word_1_329' title='bbox 1404 1247 1547 1297; x_wconf 82' lang='lat' dir='ltr'>debat</span> <span class='ocrx_word' id='word_1_330' title='bbox 1586 1247 1757 1311; x_wconf 89' lang='lat' dir='ltr'>potius</span> <span class='ocrx_word' id='word_1_331' title='bbox 1798 1243 2073 1309; x_wconf 81' lang='lat' dir='ltr'>legendum</span> <span class='ocrx_word' id='word_1_332' title='bbox 2115 1243 2285 1293; x_wconf 89' lang='lat' dir='ltr'>discas</span> <span class='ocrx_word' id='word_1_333' title='bbox 2326 1244 2471 1294; x_wconf 82' lang='lat' dir='ltr'>licet.</span> 
     </span>
     <span class='ocr_line' id='line_1_62' title="bbox 1407 1324 1592 1374; baseline 0 0"><span class='ocrx_word' id='word_1_334' title='bbox 1407 1324 1592 1374; x_wconf 69' lang='lat' dir='ltr'>Sekott.</span> 
     </span>
    </p>

    <p class='ocr_par' dir='ltr' id='par_1_13' title="bbox 1405 1398 2481 2380">
     <span class='ocr_line' id='line_1_63' title="bbox 1470 1398 2474 1465; baseline -0.002 -16"><span class='ocrx_word' id='word_1_335' title='bbox 1470 1403 1498 1465; x_wconf 61' lang='grc' dir='ltr'><strong>ξ</strong></span> <span class='ocrx_word' id='word_1_336' title='bbox 1535 1406 1564 1449; x_wconf 81' lang='grc'><strong>6</strong></span> <span class='ocrx_word' id='word_1_337' title='bbox 1606 1399 1735 1449; x_wconf 82' lang='lat' dir='ltr'>Vitae</span> <span class='ocrx_word' id='word_1_338' title='bbox 1761 1398 1914 1463; x_wconf 82' lang='lat' dir='ltr'>specie</span> <span class='ocrx_word' id='word_1_339' title='bbox 1937 1398 2164 1448; x_wconf 81' lang='lat' dir='ltr'>vitiorum</span> <span class='ocrx_word' id='word_1_340' title='bbox 2191 1400 2330 1462; x_wconf 73' lang='lat' dir='ltr'>plura</span> <span class='ocrx_word' id='word_1_341' title='bbox 2359 1398 2474 1448; x_wconf 80' lang='lat' dir='ltr'>abo·</span> 
     </span>
     <span class='ocr_line' id='line_1_64' title="bbox 1405 1473 2476 1540; baseline 0.002 -15"><span class='ocrx_word' id='word_1_342' title='bbox 1405 1476 1607 1540; x_wconf 78' lang='lat' dir='ltr'>leverat]</span> <span class='ocrx_word' id='word_1_343' title='bbox 1644 1474 1730 1524; x_wconf 85' lang='lat' dir='ltr'>Sic</span> <span class='ocrx_word' id='word_1_344' title='bbox 1751 1485 1806 1524; x_wconf 90' lang='lat' dir='ltr'>et</span> <span class='ocrx_word' id='word_1_345' title='bbox 1828 1474 2041 1524; x_wconf 75' lang='lat' dir='ltr'>Tacitus</span> <span class='ocrx_word' id='word_1_346' title='bbox 2065 1473 2254 1524; x_wconf 82' lang='lat' dir='ltr'>Annal.</span> <span class='ocrx_word' id='word_1_347' title='bbox 2281 1490 2367 1525; x_wconf 87' lang='grc' dir='ltr'><strong>ιιι.</strong></span> <span class='ocrx_word' id='word_1_348' title='bbox 2393 1480 2476 1529; x_wconf 81' lang='grc'>16.</span> 
     </span>
     <span class='ocr_line' id='line_1_65' title="bbox 1405 1549 2478 1616; baseline 0.001 -15"><span class='ocrx_word' id='word_1_349' title='bbox 1405 1552 1422 1580; x_wconf 85' lang='lat'>‘</span> <span class='ocrx_word' id='word_1_350' title='bbox 1446 1552 1549 1601; x_wconf 86' lang='lat' dir='ltr'>Sed</span> <span class='ocrx_word' id='word_1_351' title='bbox 1582 1552 1872 1616; x_wconf 66' lang='lat' dir='ltr'>pracipuns</span> <span class='ocrx_word' id='word_1_352' title='bbox 1894 1549 2132 1601; x_wconf 77' lang='lat' dir='ltr'>adstricti</span> <span class='ocrx_word' id='word_1_353' title='bbox 2164 1552 2317 1601; x_wconf 88' lang='lat' dir='ltr'>moris</span> <span class='ocrx_word' id='word_1_354' title='bbox 2352 1565 2478 1602; x_wconf 85' lang='lat' dir='ltr'>anc-</span> 
     </span>
     <span class='ocr_line' id='line_1_66' title="bbox 1408 1626 2480 1693; baseline -0.001 -14"><span class='ocrx_word' id='word_1_355' title='bbox 1408 1636 1493 1679; x_wconf 90' lang='lat' dir='ltr'>tor</span> <span class='ocrx_word' id='word_1_356' title='bbox 1528 1628 1884 1693; x_wconf 83' lang='lat' dir='ltr'>Vespasianus</span> <span class='ocrx_word' id='word_1_357' title='bbox 1921 1626 2057 1688; x_wconf 77' lang='lat' dir='ltr'>fuit3</span> <span class='ocrx_word' id='word_1_358' title='bbox 2106 1628 2317 1692; x_wconf 77' lang='lat' dir='ltr'>antiquo</span> <span class='ocrx_word' id='word_1_359' title='bbox 2363 1629 2480 1692; x_wconf 87' lang='lat' dir='ltr'>ipse</span> 
     </span>
     <span class='ocr_line' id='line_1_67' title="bbox 1406 1702 2477 1767; baseline -0.001 -12"><span class='ocrx_word' id='word_1_360' title='bbox 1406 1706 1552 1755; x_wconf 89' lang='lat' dir='ltr'>cultu</span> <span class='ocrx_word' id='word_1_361' title='bbox 1584 1706 1865 1767; x_wconf 80' lang='lat' dir='ltr'>victuque:</span> <span class='ocrx_word' id='word_1_362' title='bbox 1917 1702 2221 1767; x_wconf 84' lang='lat' dir='ltr'>obsequium</span> <span class='ocrx_word' id='word_1_363' title='bbox 2255 1704 2379 1754; x_wconf 89' lang='lat' dir='ltr'>inde</span> <span class='ocrx_word' id='word_1_364' title='bbox 2421 1704 2477 1754; x_wconf 88' lang='lat' dir='ltr'>in</span> 
     </span>
     <span class='ocr_line' id='line_1_68' title="bbox 1410 1779 2479 1844; baseline 0 -15"><span class='ocrx_word' id='word_1_365' title='bbox 1410 1780 1699 1844; x_wconf 81' lang='lat' dir='ltr'>principem</span> <span class='ocrx_word' id='word_1_366' title='bbox 1742 1787 1798 1829; x_wconf 87' lang='lat' dir='ltr'>et</span> <span class='ocrx_word' id='word_1_367' title='bbox 1837 1779 2109 1829; x_wconf 77' lang='lat' dir='ltr'>aemulandi</span> <span class='ocrx_word' id='word_1_368' title='bbox 2154 1793 2316 1838; x_wconf 88' lang='lat' dir='ltr'>amor,</span> <span class='ocrx_word' id='word_1_369' title='bbox 2351 1781 2479 1830; x_wconf 87' lang='lat' dir='ltr'>vali·</span> 
     </span>
     <span class='ocr_line' id='line_1_69' title="bbox 1412 1854 2480 1920; baseline -0.007 -16"><span class='ocrx_word' id='word_1_370' title='bbox 1412 1855 1525 1905; x_wconf 88' lang='lat' dir='ltr'>dior</span> <span class='ocrx_word' id='word_1_371' title='bbox 1562 1870 1712 1920; x_wconf 82' lang='lat' dir='ltr'>quam</span> <span class='ocrx_word' id='word_1_372' title='bbox 1752 1869 1904 1917; x_wconf 83' lang='lat' dir='ltr'>poena</span> <span class='ocrx_word' id='word_1_373' title='bbox 1938 1867 2006 1903; x_wconf 85' lang='lat' dir='ltr'>ex</span> <span class='ocrx_word' id='word_1_374' title='bbox 2043 1854 2262 1918; x_wconf 83' lang='lat' dir='ltr'>legibus.</span> <span class='ocrx_word' id='word_1_375' title='bbox 2280 1864 2336 1906; x_wconf 87' lang='lat' dir='ltr'>et</span> <span class='ocrx_word' id='word_1_376' title='bbox 2369 1870 2480 1905; x_wconf 71' lang='lat' dir='ltr'>me.</span> 
     </span>
     <span class='ocr_line' id='line_1_70' title="bbox 1413 1932 2475 2001; baseline -0.002 -18"><span class='ocrx_word' id='word_1_377' title='bbox 1413 1942 1497 1984; x_wconf 88' lang='lat' dir='ltr'>tus</span> <span class='ocrx_word' id='word_1_378' title='bbox 1519 1932 1555 1983; x_wconf 68' lang='grc' dir='ltr'>τ’</span> <span class='ocrx_word' id='word_1_379' title='bbox 1601 1934 1687 1983; x_wconf 86' lang='lat' dir='ltr'>ubi</span> <span class='ocrx_word' id='word_1_380' title='bbox 1729 1935 1794 2001; x_wconf 85' lang='lat' dir='ltr'>de</span> <span class='ocrx_word' id='word_1_381' title='bbox 1837 1933 1936 1982; x_wconf 83' lang='lat' dir='ltr'>hac</span> <span class='ocrx_word' id='word_1_382' title='bbox 1981 1932 2268 1982; x_wconf 85' lang='lat' dir='ltr'>imitatione</span> <span class='ocrx_word' id='word_1_383' title='bbox 2309 1934 2475 1997; x_wconf 82' lang='lat' dir='ltr'>plura.</span> 
     </span>
     <span class='ocr_line' id='line_1_71' title="bbox 1414 2008 2481 2070; baseline 0 -13"><span class='ocrx_word' id='word_1_384' title='bbox 1414 2009 1564 2057; x_wconf 62' lang='grc' dir='ltr'><strong>(ἔνιοι.</strong></span> <span class='ocrx_word' id='word_1_385' title='bbox 1629 2008 1779 2058; x_wconf 85' lang='lat' dir='ltr'>Talis</span> <span class='ocrx_word' id='word_1_386' title='bbox 1816 2014 2096 2058; x_wconf 90' lang='lat' dir='ltr'>occurrunt</span> <span class='ocrx_word' id='word_1_387' title='bbox 2134 2008 2271 2070; x_wconf 88' lang='lat' dir='ltr'>apud</span> <span class='ocrx_word' id='word_1_388' title='bbox 2310 2009 2481 2057; x_wconf 84' lang='lat' dir='ltr'>Paca-</span> 
     </span>
     <span class='ocr_line' id='line_1_72' title="bbox 1406 2084 2481 2149; baseline 0 -13"><span class='ocrx_word' id='word_1_389' title='bbox 1406 2093 1517 2137; x_wconf 87' lang='lat' dir='ltr'>tum</span> <span class='ocrx_word' id='word_1_390' title='bbox 1553 2086 1752 2149; x_wconf 82' lang='lat' dir='ltr'>Paneg.</span> <span class='ocrx_word' id='word_1_391' title='bbox 1782 2100 1827 2135; x_wconf 88' lang='lat' dir='ltr'>e.</span> <span class='ocrx_word' id='word_1_392' title='bbox 1852 2090 1928 2135; x_wconf 78' lang='lat'>13.</span> <span class='ocrx_word' id='word_1_393' title='bbox 1963 2084 2187 2134; x_wconf 88' lang='lat' dir='ltr'>Casaub.</span> <span class='ocrx_word' id='word_1_394' title='bbox 2223 2084 2289 2135; x_wconf 89' lang='lat' dir='ltr'>ad</span> <span class='ocrx_word' id='word_1_395' title='bbox 2328 2086 2481 2136; x_wconf 79' lang='lat' dir='ltr'>Lam·</span> 
     </span>
     <span class='ocr_line' id='line_1_73' title="bbox 1408 2163 2481 2229; baseline 0.003 -17"><span class='ocrx_word' id='word_1_396' title='bbox 1408 2164 1546 2229; x_wconf 87' lang='lat' dir='ltr'>prid.</span> <span class='ocrx_word' id='word_1_397' title='bbox 1580 2163 1731 2213; x_wconf 81' lang='lat' dir='ltr'>Alex.</span> <span class='ocrx_word' id='word_1_398' title='bbox 1765 2164 1885 2214; x_wconf 75' lang='lat' dir='ltr'>SeV.</span> <span class='ocrx_word' id='word_1_399' title='bbox 1922 2177 1969 2213; x_wconf 90' lang='lat' dir='ltr'>c.</span> <span class='ocrx_word' id='word_1_400' title='bbox 2001 2167 2084 2214; x_wconf 81' lang='lat'>41.</span> <span class='ocrx_word' id='word_1_401' title='bbox 2117 2163 2374 2213; x_wconf 83' lang='lat' dir='ltr'>Raudium</span> <span class='ocrx_word' id='word_1_402' title='bbox 2411 2164 2481 2215; x_wconf 84' lang='lat' dir='ltr'>ad</span> 
     </span>
     <span class='ocr_line' id='line_1_74' title="bbox 1413 2238 2480 2304; baseline 0 -14"><span class='ocrx_word' id='word_1_403' title='bbox 1413 2240 1572 2290; x_wconf 77' lang='lat' dir='ltr'>Plinii</span> <span class='ocrx_word' id='word_1_404' title='bbox 1594 2240 1797 2303; x_wconf 84' lang='lat' dir='ltr'>Paneg.</span> <span class='ocrx_word' id='word_1_405' title='bbox 1820 2254 1869 2289; x_wconf 89' lang='lat' dir='ltr'>c.</span> <span class='ocrx_word' id='word_1_406' title='bbox 1888 2245 1971 2289; x_wconf 78' lang='grc'>46.</span> <span class='ocrx_word' id='word_1_407' title='bbox 1994 2243 2022 2304; x_wconf 79' lang='lat'>§</span> <span class='ocrx_word' id='word_1_408' title='bbox 2050 2245 2101 2288; x_wconf 85' lang='grc'>6.</span> <span class='ocrx_word' id='word_1_409' title='bbox 2125 2248 2180 2290; x_wconf 91' lang='lat' dir='ltr'>et</span> <span class='ocrx_word' id='word_1_410' title='bbox 2204 2242 2387 2290; x_wconf 83' lang='lat' dir='ltr'>Wasse</span> <span class='ocrx_word' id='word_1_411' title='bbox 2411 2238 2480 2290; x_wconf 85' lang='lat' dir='ltr'>ad</span> 
     </span>
     <span class='ocr_line' id='line_1_75' title="bbox 1414 2316 2153 2380; baseline -0.003 -13"><span class='ocrx_word' id='word_1_412' title='bbox 1414 2318 1627 2368; x_wconf 77' lang='lat' dir='ltr'>Sallust.</span> <span class='ocrx_word' id='word_1_413' title='bbox 1645 2319 1768 2380; x_wconf 86' lang='lat' dir='ltr'>Jug.</span> <span class='ocrx_word' id='word_1_414' title='bbox 1792 2332 1838 2366; x_wconf 85' lang='lat' dir='ltr'>c.</span> <span class='ocrx_word' id='word_1_415' title='bbox 1859 2320 1943 2366; x_wconf 83' lang='grc'>89.</span> <span class='ocrx_word' id='word_1_416' title='bbox 1973 2316 2153 2367; x_wconf 79' lang='lat' dir='ltr'>Arutz.</span> 
     </span>
    </p>

    <p class='ocr_par' dir='ltr' id='par_1_14' title="bbox 1417 2391 2488 2838">
     <span class='ocr_line' id='line_1_76' title="bbox 1481 2391 2480 2457; baseline 0 -15"><span class='ocrx_word' id='word_1_417' title='bbox 1481 2395 1509 2457; x_wconf 62' lang='grc' dir='ltr'><strong>ς</strong></span> <span class='ocrx_word' id='word_1_418' title='bbox 1543 2397 1577 2442; x_wconf 84' lang='grc'><strong>6</strong></span> <span class='ocrx_word' id='word_1_419' title='bbox 1614 2392 1704 2441; x_wconf 75' lang='lat' dir='ltr'>Uti</span> <span class='ocrx_word' id='word_1_420' title='bbox 1735 2393 1927 2456; x_wconf 75' lang='lat' dir='ltr'>quidam</span> <span class='ocrx_word' id='word_1_421' title='bbox 1959 2407 2104 2454; x_wconf 78' lang='lat' dir='ltr'>prave</span> <span class='ocrx_word' id='word_1_422' title='bbox 2130 2391 2330 2455; x_wconf 74' lang='lat' dir='ltr'>putant]</span> <span class='ocrx_word' id='word_1_423' title='bbox 2375 2392 2480 2442; x_wconf 89' lang='lat' dir='ltr'>No·</span> 
     </span>
     <span class='ocr_line' id='line_1_77' title="bbox 1417 2468 2484 2533; baseline 0.001 -14"><span class='ocrx_word' id='word_1_424' title='bbox 1417 2476 1528 2519; x_wconf 86' lang='lat' dir='ltr'>tare</span> <span class='ocrx_word' id='word_1_425' title='bbox 1553 2468 1761 2519; x_wconf 80' lang='lat' dir='ltr'>videtur</span> <span class='ocrx_word' id='word_1_426' title='bbox 1784 2470 2141 2533; x_wconf 79' lang='lat' dir='ltr'>Tranquillum</span> <span class='ocrx_word' id='word_1_427' title='bbox 2164 2484 2211 2519; x_wconf 89' lang='lat' dir='ltr'>c.</span> <span class='ocrx_word' id='word_1_428' title='bbox 2237 2473 2319 2519; x_wconf 87' lang='grc'>16.</span> <span class='ocrx_word' id='word_1_429' title='bbox 2380 2472 2484 2520; x_wconf 87' lang='lat' dir='ltr'>Ea·</span> 
     </span>
     <span class='ocr_line' id='line_1_78' title="bbox 1417 2544 2487 2616; baseline 0 -22"><span class='ocrx_word' id='word_1_430' title='bbox 1417 2544 1719 2616; x_wconf 28' lang='lat' dir='ltr'>dem-forma</span> <span class='ocrx_word' id='word_1_431' title='bbox 1739 2544 1946 2593; x_wconf 88' lang='lat' dir='ltr'>dicendi</span> <span class='ocrx_word' id='word_1_432' title='bbox 1970 2545 2035 2593; x_wconf 90' lang='lat' dir='ltr'>de</span> <span class='ocrx_word' id='word_1_433' title='bbox 2052 2545 2259 2594; x_wconf 86' lang='lat' dir='ltr'>Tiberio</span> <span class='ocrx_word' id='word_1_434' title='bbox 2275 2545 2487 2594; x_wconf 86' lang='lat' dir='ltr'>Tacitus</span> 
     </span>
     <span class='ocr_line' id='line_1_79' title="bbox 1417 2619 2488 2672; baseline -0.001 -1"><span class='ocrx_word' id='word_1_435' title='bbox 1417 2621 1609 2671; x_wconf 83' lang='lat' dir='ltr'>Annsl.</span> <span class='ocrx_word' id='word_1_436' title='bbox 1632 2622 1724 2671; x_wconf 86' lang='lat' dir='ltr'>lib.</span> <span class='ocrx_word' id='word_1_437' title='bbox 1746 2635 1832 2670; x_wconf 90' lang='grc' dir='ltr'><strong>ιιι.</strong></span> <span class='ocrx_word' id='word_1_438' title='bbox 1855 2628 1869 2649; x_wconf 88' lang='lat'>‘</span> <span class='ocrx_word' id='word_1_439' title='bbox 1891 2622 2018 2670; x_wconf 84' lang='lat' dir='ltr'>satis</span> <span class='ocrx_word' id='word_1_440' title='bbox 2039 2619 2215 2671; x_wconf 86' lang='lat' dir='ltr'>firmus</span> <span class='ocrx_word' id='word_1_441' title='bbox 2238 2621 2488 2672; x_wconf 74' lang='lat' dir='ltr'>adversus</span> 
     </span>
     <span class='ocr_line' id='line_1_80' title="bbox 1418 2698 2485 2764; baseline -0.001 -14"><span class='ocrx_word' id='word_1_442' title='bbox 1418 2701 1695 2764; x_wconf 87' lang='lat' dir='ltr'>pecuniam</span> <span class='ocrx_word' id='word_1_443' title='bbox 1712 2698 1745 2749; x_wconf 70' lang='grc' dir='ltr'><strong>ι’</strong></span> <span class='ocrx_word' id='word_1_444' title='bbox 1776 2699 1912 2763; x_wconf 88' lang='lat' dir='ltr'>quod</span> <span class='ocrx_word' id='word_1_445' title='bbox 1939 2699 2074 2749; x_wconf 86' lang='lat' dir='ltr'>idem</span> <span class='ocrx_word' id='word_1_446' title='bbox 2101 2698 2224 2748; x_wconf 82' lang='lat' dir='ltr'>alibi</span> <span class='ocrx_word' id='word_1_447' title='bbox 2243 2699 2354 2749; x_wconf 87' lang='lat' dir='ltr'>aliis</span> <span class='ocrx_word' id='word_1_448' title='bbox 2373 2714 2485 2749; x_wconf 78' lang='lat' dir='ltr'>ver·</span> 
     </span>
     <span class='ocr_line' id='line_1_81' title="bbox 1421 2775 1998 2838; baseline -0.005 -12"><span class='ocrx_word' id='word_1_449' title='bbox 1421 2778 1498 2827; x_wconf 86' lang='lat' dir='ltr'>bis</span> <span class='ocrx_word' id='word_1_450' title='bbox 1521 2777 1774 2838; x_wconf 83' lang='lat' dir='ltr'>explicat.</span> <span class='ocrx_word' id='word_1_451' title='bbox 1808 2775 1998 2825; x_wconf 72' lang='lat' dir='ltr'>Schott.</span> 
     </span>
    </p>

    <p class='ocr_par' dir='ltr' id='par_1_15' title="bbox 1418 2851 2494 3760">
     <span class='ocr_line' id='line_1_82' title="bbox 1483 2851 2491 2917; baseline 0.002 -15"><span class='ocrx_word' id='word_1_452' title='bbox 1483 2853 1615 2903; x_wconf 82' lang='lat' dir='ltr'>Labe</span> <span class='ocrx_word' id='word_1_453' title='bbox 1646 2851 1854 2914; x_wconf 78' lang='lat' dir='ltr'>urbium]</span> <span class='ocrx_word' id='word_1_454' title='bbox 1890 2854 2176 2915; x_wconf 77' lang='lat' dir='ltr'>Eleganter</span> <span class='ocrx_word' id='word_1_455' title='bbox 2208 2869 2307 2917; x_wconf 90' lang='lat' dir='ltr'>pro</span> <span class='ocrx_word' id='word_1_456' title='bbox 2338 2855 2491 2904; x_wconf 79' lang='lat' dir='ltr'>clade·</span> 
     </span>
     <span class='ocr_line' id='line_1_83' title="bbox 1418 2929 2488 2994; baseline 0 -14"><span class='ocrx_word' id='word_1_457' title='bbox 1418 2930 1507 2981; x_wconf 87' lang='lat' dir='ltr'>Sic</span> <span class='ocrx_word' id='word_1_458' title='bbox 1529 2929 1665 2979; x_wconf 79' lang='lat' dir='ltr'>infra</span> <span class='ocrx_word' id='word_1_459' title='bbox 1688 2931 1738 2979; x_wconf 91' lang='lat' dir='ltr'>in</span> <span class='ocrx_word' id='word_1_460' title='bbox 1759 2932 1955 2980; x_wconf 82' lang='lat' dir='ltr'>Severo</span> <span class='ocrx_word' id='word_1_461' title='bbox 1978 2932 1995 2960; x_wconf 73' lang='lat'>⁸</span> <span class='ocrx_word' id='word_1_462' title='bbox 2011 2929 2180 2980; x_wconf 85' lang='lat' dir='ltr'>labem</span> <span class='ocrx_word' id='word_1_463' title='bbox 2202 2930 2488 2994; x_wconf 85' lang='lat' dir='ltr'>publicam’</span> 
     </span>
     <span class='ocr_line' id='line_1_84' title="bbox 1421 3005 2487 3071; baseline 0.002 -17"><span class='ocrx_word' id='word_1_464' title='bbox 1421 3015 1607 3055; x_wconf 78' lang='lat' dir='ltr'>vocat..</span> <span class='ocrx_word' id='word_1_465' title='bbox 1662 3007 1732 3055; x_wconf 90' lang='lat' dir='ltr'>Et</span> <span class='ocrx_word' id='word_1_466' title='bbox 1767 3008 1817 3054; x_wconf 89' lang='lat' dir='ltr'>in</span> <span class='ocrx_word' id='word_1_467' title='bbox 1851 3005 2114 3065; x_wconf 79' lang='lat' dir='ltr'>Gallieno,</span> <span class='ocrx_word' id='word_1_468' title='bbox 2148 3006 2309 3071; x_wconf 87' lang='lat' dir='ltr'>‘quos</span> <span class='ocrx_word' id='word_1_469' title='bbox 2340 3005 2487 3056; x_wconf 78' lang='lat' dir='ltr'>labes</span> 
     </span>
     <span class='ocr_line' id='line_1_85' title="bbox 1421 3078 2488 3145; baseline 0.001 -15"><span class='ocrx_word' id='word_1_470' title='bbox 1421 3081 1656 3130; x_wconf 85' lang='lat' dir='ltr'>Mursina</span> <span class='ocrx_word' id='word_1_471' title='bbox 1687 3082 1914 3144; x_wconf 85' lang='lat' dir='ltr'>reliquos</span> <span class='ocrx_word' id='word_1_472' title='bbox 1941 3078 2181 3130; x_wconf 82' lang='lat' dir='ltr'>fecerat.&#39;</span> <span class='ocrx_word' id='word_1_473' title='bbox 2247 3082 2317 3130; x_wconf 89' lang='lat' dir='ltr'>Et</span> <span class='ocrx_word' id='word_1_474' title='bbox 2349 3081 2488 3145; x_wconf 86' lang='lat' dir='ltr'>apud</span> 
     </span>
     <span class='ocr_line' id='line_1_86' title="bbox 1423 3156 2487 3222; baseline -0.002 -13"><span class='ocrx_word' id='word_1_475' title='bbox 1423 3156 1942 3214; x_wconf 72' lang='lat' dir='ltr'>DiomedemAEnnius</span> <span class='ocrx_word' id='word_1_476' title='bbox 1959 3172 1973 3205; x_wconf 74' lang='grc' dir='ltr'>ι</span> <span class='ocrx_word' id='word_1_477' title='bbox 1996 3158 2012 3186; x_wconf 89' lang='lat'>‘</span> <span class='ocrx_word' id='word_1_478' title='bbox 2028 3158 2248 3207; x_wconf 75' lang='lat' dir='ltr'>Cei-tare</span> <span class='ocrx_word' id='word_1_479' title='bbox 2265 3157 2487 3222; x_wconf 83' lang='lat' dir='ltr'>abuneo,</span> 
     </span>
     <span class='ocr_line' id='line_1_87' title="bbox 1421 3233 2491 3300; baseline 0.001 -17"><span class='ocrx_word' id='word_1_480' title='bbox 1421 3241 1599 3284; x_wconf 86' lang='lat' dir='ltr'>metuo</span> <span class='ocrx_word' id='word_1_481' title='bbox 1633 3234 1917 3297; x_wconf 78' lang='lat' dir='ltr'>legionibus</span> <span class='ocrx_word' id='word_1_482' title='bbox 1963 3233 2203 3283; x_wconf 86' lang='lat' dir='ltr'>labem·:’</span> <span class='ocrx_word' id='word_1_483' title='bbox 2248 3235 2384 3300; x_wconf 89' lang='lat' dir='ltr'>quod</span> <span class='ocrx_word' id='word_1_484' title='bbox 2420 3249 2491 3285; x_wconf 84' lang='lat' dir='ltr'>ex</span> 
     </span>
     <span class='ocr_line' id='line_1_88' title="bbox 1422 3309 2491 3375; baseline -0.001 -15"><span class='ocrx_word' id='word_1_485' title='bbox 1422 3312 1658 3374; x_wconf 82' lang='lat' dir='ltr'>oratione</span> <span class='ocrx_word' id='word_1_486' title='bbox 1694 3309 1841 3360; x_wconf 72' lang='lat' dir='ltr'>Fabii</span> <span class='ocrx_word' id='word_1_487' title='bbox 1872 3311 2202 3360; x_wconf 87' lang='lat' dir='ltr'>Cunctatoris</span> <span class='ocrx_word' id='word_1_488' title='bbox 2227 3318 2491 3375; x_wconf 86' lang='lat' dir='ltr'>sumptum</span> 
     </span>
     <span class='ocr_line' id='line_1_89' title="bbox 1425 3386 2490 3450; baseline -0.002 -13"><span class='ocrx_word' id='word_1_489' title='bbox 1425 3402 1541 3437; x_wconf 87' lang='lat' dir='ltr'>esse</span> <span class='ocrx_word' id='word_1_490' title='bbox 1563 3387 1790 3437; x_wconf 84' lang='lat' dir='ltr'>videtur.</span> <span class='ocrx_word' id='word_1_491' title='bbox 1845 3386 1918 3436; x_wconf 80' lang='lat' dir='ltr'>Et</span> <span class='ocrx_word' id='word_1_492' title='bbox 1933 3386 2209 3436; x_wconf 83' lang='lat' dir='ltr'>Plautinus</span> <span class='ocrx_word' id='word_1_493' title='bbox 2229 3386 2490 3450; x_wconf 84' lang='lat' dir='ltr'>parasitus</span> 
     </span>
     <span class='ocr_line' id='line_1_90' title="bbox 1425 3463 2491 3528; baseline -0.003 -14"><span class='ocrx_word' id='word_1_494' title='bbox 1425 3464 1759 3527; x_wconf 76' lang='lat' dir='ltr'>Capteiveist</span> <span class='ocrx_word' id='word_1_495' title='bbox 1817 3471 1832 3493; x_wconf 78' lang='lat'>⁸</span> <span class='ocrx_word' id='word_1_496' title='bbox 1857 3464 2070 3515; x_wconf 82' lang='lat' dir='ltr'>Quanta</span> <span class='ocrx_word' id='word_1_497' title='bbox 2112 3464 2288 3526; x_wconf 88' lang='lat' dir='ltr'>pernis</span> <span class='ocrx_word' id='word_1_498' title='bbox 2329 3463 2491 3528; x_wconf 86' lang='lat' dir='ltr'>pestis</span> 
     </span>
     <span class='ocr_line' id='line_1_91' title="bbox 1427 3538 2494 3602; baseline 0.003 -16"><span class='ocrx_word' id='word_1_499' title='bbox 1427 3540 1621 3594; x_wconf 83' lang='lat' dir='ltr'>veniet.</span> <span class='ocrx_word' id='word_1_500' title='bbox 1644 3544 1838 3602; x_wconf 87' lang='lat' dir='ltr'>quanta</span> <span class='ocrx_word' id='word_1_501' title='bbox 1871 3538 2014 3587; x_wconf 86' lang='lat' dir='ltr'>labes</span> <span class='ocrx_word' id='word_1_502' title='bbox 2045 3539 2242 3590; x_wconf 82' lang='lat' dir='ltr'>larido&#39;:</span> <span class='ocrx_word' id='word_1_503' title='bbox 2281 3540 2494 3590; x_wconf 81' lang='lat' dir='ltr'>Quanta</span> 
     </span>
     <span class='ocr_line' id='line_1_92' title="bbox 1426 3605 2494 3683; baseline 0.003 -18"><span class='ocrx_word' id='word_1_504' title='bbox 1426 3618 1614 3665; x_wconf 89' lang='lat' dir='ltr'>sumini</span> <span class='ocrx_word' id='word_1_505' title='bbox 1653 3615 1956 3683; x_wconf 88' lang='lat' dir='ltr'>absumedo,</span> <span class='ocrx_word' id='word_1_506' title='bbox 1994 3625 2190 3679; x_wconf 87' lang='lat' dir='ltr'>quanta</span> <span class='ocrx_word' id='word_1_507' title='bbox 2227 3605 2361 3667; x_wconf 82' lang='lat' dir='ltr'>callo</span> <span class='ocrx_word' id='word_1_508' title='bbox 2407 3632 2494 3668; x_wconf 87' lang='lat' dir='ltr'>ca-</span> 
     </span>
     <span class='ocr_line' id='line_1_93' title="bbox 1426 3690 2493 3760; baseline 0.003 -19"><span class='ocrx_word' id='word_1_509' title='bbox 1426 3690 1669 3741; x_wconf 58' lang='lat' dir='ltr'>nimitas?</span> <span class='ocrx_word' id='word_1_510' title='bbox 1745 3692 1887 3741; x_wconf 84' lang='lat' dir='ltr'>Puer</span> <span class='ocrx_word' id='word_1_511' title='bbox 1921 3705 2042 3740; x_wconf 86' lang='lat' dir='ltr'>mox</span> <span class='ocrx_word' id='word_1_512' title='bbox 2081 3694 2493 3760; x_wconf 79' lang='lat' dir='ltr'>interpretatur:</span> 
     </span>
    </p>

    <p class='ocr_par' dir='ltr' id='par_1_16' title="bbox 1428 3767 2497 4290">
     <span class='ocr_line' id='line_1_94' title="bbox 1428 3767 2495 3832; baseline 0.001 -14.04"><span class='ocrx_word' id='word_1_513' title='bbox 1428 3767 1659 3818; x_wconf 83' lang='lat' dir='ltr'>‘Clades</span> <span class='ocrx_word' id='word_1_514' title='bbox 1683 3768 2051 3832; x_wconf 85' lang='lat' dir='ltr'>calamitasque</span> <span class='ocrx_word' id='word_1_515' title='bbox 2079 3776 2132 3816; x_wconf 90' lang='lat' dir='ltr'>et</span> <span class='ocrx_word' id='word_1_516' title='bbox 2155 3769 2495 3831; x_wconf 85' lang='lat' dir='ltr'>intemperies</span> 
     </span>
     <span class='ocr_line' id='line_1_95' title="bbox 1428 3843 2496 3895; baseline 0.002 -2"><span class='ocrx_word' id='word_1_517' title='bbox 1428 3845 1580 3894; x_wconf 88' lang='lat' dir='ltr'>modo</span> <span class='ocrx_word' id='word_1_518' title='bbox 1620 3844 1672 3891; x_wconf 89' lang='lat' dir='ltr'>in</span> <span class='ocrx_word' id='word_1_519' title='bbox 1721 3851 1952 3892; x_wconf 85' lang='lat' dir='ltr'>nostram</span> <span class='ocrx_word' id='word_1_520' title='bbox 1999 3843 2208 3894; x_wconf 85' lang='lat' dir='ltr'>advenit</span> <span class='ocrx_word' id='word_1_521' title='bbox 2249 3843 2496 3895; x_wconf 66' lang='lat' dir='ltr'>domum?</span> 
     </span>
     <span class='ocr_line' id='line_1_96' title="bbox 1430 3906 2495 3982; baseline 0 -13"><span class='ocrx_word' id='word_1_522' title='bbox 1430 3906 1741 3982; x_wconf 77' lang='lat' dir='ltr'>Aliquando‘</span> <span class='ocrx_word' id='word_1_523' title='bbox 1755 3919 1909 3968; x_wconf 86' lang='lat' dir='ltr'>etiam</span> <span class='ocrx_word' id='word_1_524' title='bbox 1934 3919 2127 3968; x_wconf 85' lang='lat' dir='ltr'>hiatum</span> <span class='ocrx_word' id='word_1_525' title='bbox 2155 3928 2309 3969; x_wconf 77' lang='lat' dir='ltr'>terrae</span> <span class='ocrx_word' id='word_1_526' title='bbox 2334 3920 2495 3982; x_wconf 80' lang='lat' dir='ltr'>signi·</span> 
     </span>
     <span class='ocr_line' id='line_1_97' title="bbox 1428 3994 2495 4057; baseline 0 -12"><span class='ocrx_word' id='word_1_527' title='bbox 1428 3995 1572 4057; x_wconf 84' lang='lat' dir='ltr'>ficat,</span> <span class='ocrx_word' id='word_1_528' title='bbox 1609 4003 1668 4044; x_wconf 90' lang='lat' dir='ltr'>ut</span> <span class='ocrx_word' id='word_1_529' title='bbox 1706 3994 1944 4045; x_wconf 84' lang='lat' dir='ltr'>Ciceroni</span> <span class='ocrx_word' id='word_1_530' title='bbox 1990 3995 2400 4057; x_wconf 80' lang='lat' dir='ltr'>interrogatione</span> <span class='ocrx_word' id='word_1_531' title='bbox 2437 3996 2495 4045; x_wconf 86' lang='lat' dir='ltr'>in</span> 
     </span>
     <span class='ocr_line' id='line_1_98' title="bbox 1430 4070 2495 4137; baseline 0.001 -17"><span class='ocrx_word' id='word_1_532' title='bbox 1430 4071 1718 4122; x_wconf 82' lang='lat' dir='ltr'>Vatinium.</span> <span class='ocrx_word' id='word_1_533' title='bbox 1764 4070 2006 4137; x_wconf 68' lang='lat' dir='ltr'>Sehottus.</span> <span class='ocrx_word' id='word_1_534' title='bbox 2083 4070 2361 4120; x_wconf 86' lang='lat' dir='ltr'>Eumenius</span> <span class='ocrx_word' id='word_1_535' title='bbox 2397 4083 2495 4133; x_wconf 85' lang='lat' dir='ltr'>pro</span> 
     </span>
     <span class='ocr_line' id='line_1_99' title="bbox 1429 4144 2497 4209; baseline -0.001 -13"><span class='ocrx_word' id='word_1_536' title='bbox 1429 4147 1578 4196; x_wconf 85' lang='lat' dir='ltr'>Rest.</span> <span class='ocrx_word' id='word_1_537' title='bbox 1617 4146 1787 4196; x_wconf 77' lang='lat' dir='ltr'>Scliol.</span> <span class='ocrx_word' id='word_1_538' title='bbox 1820 4160 1935 4207; x_wconf 89' lang='lat' dir='ltr'>cap.</span> <span class='ocrx_word' id='word_1_539' title='bbox 1971 4149 2021 4194; x_wconf 83' lang='lat'>9.</span> <span class='ocrx_word' id='word_1_540' title='bbox 2053 4148 2081 4209; x_wconf 60' lang='grc' dir='ltr'><strong>ξ</strong></span> <span class='ocrx_word' id='word_1_541' title='bbox 2115 4150 2164 4194; x_wconf 83' lang='grc'>4.</span> <span class='ocrx_word' id='word_1_542' title='bbox 2197 4148 2214 4173; x_wconf 85' lang='lat'>‘</span> <span class='ocrx_word' id='word_1_543' title='bbox 2237 4145 2320 4195; x_wconf 89' lang='lat' dir='ltr'>Ne</span> <span class='ocrx_word' id='word_1_544' title='bbox 2354 4144 2497 4209; x_wconf 87' lang='lat' dir='ltr'>fana,</span> 
     </span>
     <span class='ocr_line' id='line_1_100' title="bbox 1430 4221 2493 4290; baseline 0 -16"><span class='ocrx_word' id='word_1_545' title='bbox 1430 4224 1581 4288; x_wconf 78' lang='lat' dir='ltr'>longe</span> <span class='ocrx_word' id='word_1_546' title='bbox 1614 4222 1840 4273; x_wconf 88' lang='lat' dir='ltr'>omnium</span> <span class='ocrx_word' id='word_1_547' title='bbox 1862 4223 1916 4271; x_wconf 84' lang='lat' dir='ltr'>in</span> <span class='ocrx_word' id='word_1_548' title='bbox 1939 4222 2034 4273; x_wconf 79' lang='lat' dir='ltr'>hac</span> <span class='ocrx_word' id='word_1_549' title='bbox 2060 4222 2186 4290; x_wconf 80' lang='lat' dir='ltr'>urbe</span> <span class='ocrx_word' id='word_1_550' title='bbox 2209 4221 2493 4288; x_wconf 75' lang='lat' dir='ltr'>pulcherri-</span> 
     </span>
    </p>
   </div>
  </div>
 </body>
</html>
