3025 4934
625 410 915 462 suam..
948 398 1147 462 ‘vic-r.
1193 400 1617 478 ae'lroumt,
1665 414 1832 465 cAr.
1881 417 2112 467 xvm.

2329 388 2461 471 ‘817

266 540 519 618 superflua
550 540 826 635 suut,‘uec
850 541 1144 622 'quidquam'
1170 556 1318 606 illus-
1387 557 1509 620 gine
1528 563 1661 608 ortas
1678 558 1873 611 sordida
1890 578 1908 611 .-
1939 539 2197 628 quomudo
2217 568 2274 614 et
2295 554 2464 619 Vero.

266 639 417 695 trsut,
438 646 552 680 eum
575 632 704 682 satis
726 639 868 682 esset
888 633 1071 682 Dicam
1100 632 1320 697 dixisse,

267 723 375 772 qun
395 721 493 758 vox
527 708 742 773 propria
773 708 841 759 de
873 710 1197 760 consecratis
1231 709 1316 759 Iu-

264 783 597 848 peratoribus.
661 784 819 834 Hauc
841 800 949 834 rem
969 786 1151 836 melius
1174 787 1317 836 illus-

266 865 366 909 trat
387 860 736 924 Havercamp.
764 863 829 910 ad
851 863 1069 913 Tertull.
1092 862 1314 928 Apolog-

265 951 312 987 c.
332 940 410 988 21.
430 951 486 1000 p.
507 941 625 990 210.
653 939 827 988 Aratz.

274 1026 283 1032 ·
322 1015 394 1078 §2
425 1013 504 1063 Ab
522 1014 748 1065 incolumi
770 1015 1011 1080 quamvis]
1045 1016 1318 1068 Veronen-

262 1089 326 1138 sis
342 1091 400 1139 ab
419 1091 646 1140 ἰπσοῐιιιιί
665 1091 742 1140 vt's
760 1093 1035 1155 paullatim.
1101 1095 1317 1159 Capito-

261 1166 386 1216 linus
415 1158 675 1237 ‘extremo
724 1168 1012 1235 Antonino,
1065 1172 1156 1221 ubi
1200 1173 1317 1223 haec

263 1250 453 1305 narrat,
476 1243 551 1293 ita
573 1254 869 1307 corruptus,
890 1255 948 1295 ut
969 1247 1167 1296 nullum
1199 1262 1316 1298 sen·
1362 1250 1367 1265 “

263 1332 368 1367 sum
389 1320 581 1370 elicere
613 1322 902 1384 potuerim:
936 1324 1170 1389 adeoque
1205 1325 1319 1374 sine

261 1396 534 1522 ἓὶοίεοᾶ.
589 1399 760 1448 sauari
812 1413 967 1463 posse
1021 1402 1317 1467 desperem.

397 1478 439 1523 t.

254 1582 257 1585 -
321 1549 409 1612 §8
464 1549 530 1598 Ia
563 1563 644 1599 eos
681 1555 828 1599 atrox
864 1566 979 1616 quos
1016 1542 1339 1618 amplissimis'

261 1624 502 1675 honoram
518 1626 746 1690 misane
764 1627 1042 1691 ingentibus
1056 1632 1319 1696 extulerat]

262 1699 409 1751 Quod
432 1708 661 1752 monstro
683 1703 868 1755 simile.
937 1704 1027 1756 Ita
1057 1709 1195 1757 enim
1227 1722 1318 1756 ua-

263 1785 374 1827 turs
394 1787 754 1841 comparatum
774 1790 877 1847 est„
900 1790 960 1832 ut
980 1784 1208 1834 cariores
1230 1785 1320 1834 ha·

261 1853 487 1912 mamus,
519 1870 649 1919 quos
691 1859 1061 1923 promovimus,
1105 1861 1157 1909 iu
1189 1875 1320 1925 quos

262 1932 420 1981 multa
453 1932 787 1992 contulimus,
823 1941 881 1984 et
918 1932 1139 1985 fecimus
1173 1935 1322 2002 quasi

261 2025 388 2076 opus
406 2021 669 2063 nostrum.
728 2013 933 2065 Seneca
947 2012 1013 2061 de
1038 2013 1325 2066 Benefav.

264 2090 343 2139 16.
360 2089 378 2117 4
396 2090 524 2140 Non
548 2088 777 2139 mentior
797 2090 843 2139 si
859 2088 1045 2140 dixero
1063 2092 1322 2142 nemiuem

260 2177 358 2213 nou
397 2181 577 2216 amare
613 2166 870 2217 beneficia
902 2181 1028 2229 sua;
1062 2170 1322 2218 nemiuem

260 2254 358 2291 nou
395 2244 472 2294 ita
500 2245 847 2305 compositum
882 2246 1072 2306 animo,
1108 2253 1168 2295 ut
1200 2260 1320 2296 eum

258 2318 504 2369 libentius
531 2319 730 2379 videat,
752 2319 807 2368 in
837 2335 990 2395 quem
1015 2322 1177 2371 multa
1199 2335 1321 2373 con·

261 2394 454 2456 gessit3
513 2396 598 2444 cni
641 2410 745 2445 non
792 2410 976 2447 caussa
1019 2398 1088 2447 sit
1132 2398 1320 2448 iterum

260 2468 415 2520 dandi
455 2471 700 2521 beneficii
737 2474 899 2523 semel
943 2473 1184 2538 dedisse,’
1221 2478 1324 2525 διο.

265 2546 410 2597 Grat.

320 2625 349 2688 §
387 2629 418 2673 6
461 2620 648 2675 Veneni
684 2623 927 2689 ροοιιῑιιιιι]
975 2626 1169 2678 ‘Quod
1204 2640 1322 2677 cum

258 2699 422 2749 miuus
444 2702 777 2763 operat-etun
797 2716 891 2765 per
909 2703 1180 2767 athletam,
1203 2716 1322 2754 cum

261 2789 361 2839 quo
391 2777 638 2827 exerceri
682 2779 904 2835 solebat,
937 2794 1054 2829 eum
1084 2787 1324 2840 sti-augn-

258 2852 540 2904 laveruut.’
636 2855 970 2918 Lampridius
1021 2856 1324 2908 Commodo.

260 2927 532 2980 Athletam
554 2937 728 2981 autem
751 2932 888 2982 huuc
913 2939 929 2961 ⁴
943 2933 1220 2983 Eclectum
1239 2933 1325 2982 ΙΕ-

259 3008 317 3058 lii
339 3008 469 3058 Veri
504 3007 784 3058 libertum’
808 3017 963 3058 vocat
997 3009 1323 3072 Capitolinus

259 3084 311 3134 iu
332 3086 478 3137 Vero
511 3093 764 3135 extremo.
827 3085 1132 3148 Spartianus
1147 3091 1323 3136 autem

260 3160 459 3212 Severo
481 3161 499 3190 ‘
522 3160 822 3211 Narcissum
837 3159 853 3181 '
876 3160 1132 3226 quendam
1147 3161 1326 3210 ‘Com-

259 3237 399 3286 modi
458 3238 897 3299 strangulatorem
918 3236 936 3260 ³
990 3235 1133 3299 facit,
1171 3250 1327 3301 quem

148 3348 155 3356 -
259 3316 357 3365 boc
379 3314 592 3365 nomine
613 3316 630 3343 4
658 3313 888 3363 leonibus
910 3312 1166 3380 objecerit
1183 3313 1199 3335 '
1231 3314 1326 3363 Se·

260 3402 434 3450 verus,
460 3391 548 3452 qui
572 3396 630 3441 et
651 3391 876 3440 ‘Divum
898 3390 1168 3453 appellare
1190 3387 1206 3410 ’
1238 3405 1327 3439 au-

260 3484 346 3518 sns
365 3477 449 3520 est
472 3477 489 3498 4
507 3467 865 3523 Commodum,
893 3475 951 3515 ut
971 3481 1027 3515 se
1050 3465 1118 3515 de
1141 3472 1328 3518 se‘uatu

261 3539 641 3590 ulcisceretur.’
703 3547 720 3569 ‘
738 3541 904 3591 Vivus
920 3539 936 3562 ’
971 3549 1148 3592 tamen
1173 3550 1190 3573 ‘
1232 3546 1328 3594 eti-

260 3629 468 3666 amnum
488 3617 883 3678 hostirgeueris
900 3616 1110 3668 humaui
1122 3619 1329 3681 judica·

262 3693 384 3741 tus.'
451 3692 688 3748 Orosius,
712 3693 802 3758 qui
825 3702 881 3742 et
914 3693 932 3721 ‘
951 3693 1003 3743 in
1029 3694 1180 3744 domo
1198 3696 1328 3746 Ves-

261 3769 432 3819 tiliani
454 3770 832 3833 strangulatum
854 3769 870 3792 '
892 3770 981 3819 ait.
1014 3771 1198 3820 Scitote.

315 3845 629 3895 Car-xvxix.
643 3847 706 3909 §l
725 3846 932 3896 Helvius
941 3848 1208 3913 Pertinax]
1225 3849 1329 3898 ‘AE·

263 3918 361 3970 lius
381 3922 654 3972 Pertinax'
671 3931 888 3972 vocatur
902 3923 1092 3974 Oresio
1115 3931 1169 3973 et
1186 3940 1329 3974 men·

266 4012 349 4047 ses
368 4012 469 4049 sex
494 3999 830 4062 imperavisse
858 4013 964 4049 vn.
982 4005 1062 4051 16.
1102 4001 1168 4051 'rb
1182 4002 1330 4065 impe·

258 4076 392 4125 ravit
423 4077 525 4125 huc
549 4090 616 4125 ex
650 4076 974 4141 praecedeuti
995 4078 1133 4127 linea
1151 4078 1331 4127 odiose

263 4151 605 4201 inculcatum.
660 4152 1062 4204 Exturbaudum
1090 4155 1252 4220 igitur
1274 4161 1331 4204 et

265 4226 423 4278 obelo
442 4228 768 4297 fodiendum.
805 4229 993 4282 Schott.

318 4300 359 4369 ξ
381 4309 418 4354 2
456 4305 664 4368 Origine
680 4306 869 4369 gentis]
902 4307 1036 4361 Tres
1068 4307 1201 4358 Μαι.
1231 4308 1328 4357 ori-

395 4386 580 4450 Delplt.
599 4394 650 4438 et
679 4389 794 4438 Var-
819 4389 952 4442 ctas.

1247 4389 1420 4442 Aurel.
1447 4389 1578 4441 Vict.

1396 637 1588 684 nensis.
1623 636 1813 690 Schott.
1881 639 2013 689 Mss.
2036 647 2095 689 et
2114 641 2465 706 primogenita

1394 710 1479 760 e'd.
1496 712 1687 773 origine
1699 719 1835 764 ortus
1854 715 2072 766 sordida.
2129 715 2365 780 Ideoque
2384 706 2467 770 re·⁴

1394 785 1689 837 ducendum
1749 791 1802 838 iu
1858 806 2005 841 suam
2065 795 2464 854 possessiouem.

1397 865 1549 914 Gne.
1655 864 1784 913 Mss.
1832 869 2017 917 volunt
2075 875 2209 917 ortus
2248 870 2462 929 sordida,

1392 939 1533 1005 quod
1556 932 1673 990 eum
1698 956 1729 989 a
1763 942 1971 992 schotti
2008 945 2161 993 codd.
2189 944 2473 996 confirmo-0.

1394 1026 1500 1072 tur,
1523 1017 1697 1080 potius
1731 1018 1860 1067 illud
1896 1019 2251 1082 recipiendum
2285 1023 2466 1072 existi·

1394 1092 1551 1153 mavi,
1588 1107 1683 1156 pro
1721 1109 1821 1157 quo
1854 1095 2047 1157 origiue
2074 1097 2240 1158 gentis
2269 1100 2467 1150 sordida

1395 1169 1649 1220 exhibent
1673 1171 1793 1221 edd.
1844 1173 2021 1221 Livius
2045 1186 2193 1222 xxu.
2214 1174 2298 1223 25.
2328 1177 2347 1207 4
2369 1166 2472 1225 [lo-⁹

1395 1258 1458 1296 cu
1479 1262 1584 1297 uou
1604 1247 1784 1297 humili
1807 1249 1972 1297 solum
1994 1249 2088 1298 sed
2112 1251 2271 1300 etiam
2301 1251 2468 1300 sordi-

1395 1322 1463 1373 do
1499 1322 1681 1374 ortus-³
1747 1324 1982 1374 Sordidus
2026 1335 2110 1375 est
2148 1329 2166 1356 ‘
2188 1326 2466 1391 abjectus‚’

1395 1399 1759 1463 ‘contemtus,'
1812 1404 1829 1431 ‘
1855 1400 2008 1451 vilis.'
2074 1402 2254 1451 Livius
2289 1416 2334 1452 ι.
2379 1409 2465 1453 58.

1394 1476 1412 1504 4
1433 1476 1508 1525 Ut
1541 1475 1595 1525 iu
1626 1475 1838 1527 sordido
1877 1473 2137 1527 adulterio
2172 1487 2364 1528 necata
2387 1479 2465 1528 di·
2571 1516 2575 1522 ,

1394 1552 1583 1602 catur!
1646 1552 1846 1617 Appul.
1869 1554 2005 1605 Met.
2030 1568 2083 1605 ν.
2109 1557 2222 1604 171.
2254 1555 2271 1582 4
2290 1555 2467 1605 Sordi-

1396 1628 1477 1677 dis
1521 1629 1785 1679 amoribus
1829 1630 2089 1679 inimicam
2143 1631 2405 1681 cruciares
2429 1631 2470 1682 ι’

1397 1714 1454 1755 et
1488 1707 1702 1757 Curtius
1724 1705 1793 1755 ad
1828 1705 2071 1756 ciceron.
2091 1706 2159 1756 ad
2189 1707 2377 1759 Famil.
2397 1710 2468 1759 E·

1398 1782 1524 1847 pist.
1547 1793 1614 1830 n.
1635 1786 1717 1832 12.
1748 1781 1932 1832 Arata.

1462 1856 1821 1917 Praefectaraus
1884 1857 2031 1908 Urbis
2082 1858 2257 1922 agens]
2318 1860 2469 1911 Urbis

1399 1934 1551 1985 Leia.
1595 1939 1646 1985 1.
1711 1936 1803 1985 sed
1862 1936 2150 2000 Eutropius
2207 1951 2333 1988 vlu.
2388 1942 2468 1987 lu.

1394 2009 1821 2062 ‘Praefectus-am
1879 2010 2010 2062 Urbi
2066 2020 2193 2063 tuuc
2249 2022 2433 2080 agens.
2458 2013 2476 2038 ’

1397 2086 1574 2138 Ante.

1464 2163 1657 2228 Septem
1675 2169 1820 2228 atque
1842 2164 2126 2231 sexaginta]
2148 2166 2228 2215 Tu
2250 2165 2373 2214 vide
2396 2178 2467 2217 ue

1397 2254 1488 2291 sea·
1506 2245 1650 2305 atque
1668 2241 1976 2305 septuaginta
1992 2243 2261 2304 scripserit
2277 2254 2470 2305 suppo·

1393 2316 1590 2365 sititius
1614 2316 1837 2372 Victor,·
1858 2323 1913 2365 et
1946 2316 2192 2366 librarius
2227 2317 2281 2365 iu
2305 2306 2482 2379 notis,

1395 2396 1456 2440 ut
1488 2389 1622 2451 fere,
1661 2392 1895 2456 peccarit
1930 2392 2355 2457 transponendis,
2389 2391 2469 2442 fe-

1396 2468 1637 2533 ceritque
1668 2473 1847 2532 septem
1874 2473 2019 2532 atque
2047 2470 2304 2530 sexaginta
2319 2484 2339 2519 ε
2372 2469 2467 2520 sed

1396 2543 1522 2596 milti
1562 2557 1737 2594 meum
1782 2545 1959 2608 placet
2000 2547 2289 2605 somnium3
2346 2559 2469 2608 pro-

1396 2621 1516 2684 pius
1560 2620 1701 2670 euim
1745 2621 1897 2673 abest
1940 2636 1972 2671 a
2008 2629 2157 2673 vero.
2252 2622 2470 2672 Norunt

1395 2697 1485 2763 qui
1518 2697 1677 2746 libros
1720 2703 1931 2749 veteres
1980 2702 2214 2747 tractant
2259 2698 2467 2762 quoties

1397 2782 1629 2825 erratum
1674 2773 1728 2823 iu
1784 2775 2031 2837 numeris,
2077 2775 2179 2824 alio
2231 2770 2468 2824 dictante

1398 2853 1533 2903 male
1558 2853 1792 2916 exceptis
1814 2867 1844 2901 a
1865 2852 2085 2901 librariis
2106 2850 2480 2915 oscitantibus,

1398 2936 1457 2980 et
1485 2928 1554 2978 ad
1586 2927 1744 2977 tinem
1774 2928 1947 2989 nimis,
1982 2928 2113 2977 lucri
2136 2926 2325 2989 studio,
2350 2941 2470 2991 pro·

1398 3005 1721 3068 perantibus.
1789 3003 2020 3053 Similem
2065 3001 2350 3052 scribarum
2390 3018 2471 3052 er·

1399 3090 1573 3132 rorem
1608 3081 1665 3130 in
1686 3079 2159 3131 Victoris'Vitellio
2181 3079 2472 3141 deprehen·

1400 3159 1472 3209 di.
1505 3157 1694 3208 Schott.
1756 3157 1862 3206 Sed
1896 3157 2010 3207 hoec
2052 3155 2347 3207 emendatio
2371 3154 2472 3205 viri

1399 3236 1581 3299 optimi
1603 3234 1814 3286 omuino
1850 3231 1986 3282 falsu
2020 3241 2130 3293 est3
2166 3232 2300 3282 vixit
2330 3233 2472 3282 euim

1401 3326 1590 3361 revera
1619 3311 1874 3361 Pertinax
1899 3311 2047 3359 aunis
2070 3310 2342 3373 sexaginta
2360 3323 2472 3366 sex,

1401 3395 1459 3437 et
1512 3388 1714 3452 aliquot
1767 3386 2051 3444 mensibus,
2105 3393 2166 3435 ut
2218 3384 2475 3449 procedat

1402 3465 1633 3515 Victoris
1660 3464 1939 3528 scriptura,
1969 3462 2015 3510 si
2051 3474 2240 3518 aunum
2273 3462 2473 3524 iucoep-

1401 3550 1512 3591 tum
1535 3554 1630 3605 pro
1651 3541 1914 3605 completo
1938 3551 2306 3588 numeremus.·
2356 3538 2468 3588 Na·

1405 3627 1490 3670 tus
1513 3617 1710 3682 quippe
1737 3625 1821 3666 est
1842 3604 1985 3667 Vero
2022 3622 2079 3665 et
2109 3615 2303 3664 Bibulo
2326 3614 2476 3664 Coss.

1404 3691 1713 3745 interfectus
1736 3693 1960 3742 Falcone
1982 3698 2036 3740 et
2055 3692 2214 3741 Claro
2231 3691 2377 3742 Coss.
2397 3691 2472 3740 ita

1405 3780 1466 3821 ut
1488 3769 1854 3820 intermedium
1878 3777 2085 3833 tempus
2118 3781 2273 3817 var.
2303 3781 2470 3816 anuos

1405 3847 1635 3911 expleat.
1682 3845 2012 3908 Capitolinus
2036 3845 2185 3894 Pert.
2207 3859 2254 3894 c.
2277 3848 2359 3894 15.
2383 3858 2474 3892 cu-

1397 3925 1487 3989 jus
1509 3922 1833 3987 computatio
1867 3916 1966 3986 pe'r
1997 3924 2237 3973 consules
2262 3921 2364 3969 erit
2386 3933 2472 3970 ac-

1406 4008 1611 4061 curata,
1633 3999 1677 4048 si
1700 4013 1820 4048 cum
1843 3998 2157 4049 casaubono
2179 3996 2252 4044 ibi
2275 3995 2477 4045 scriba·

1405 4090 1519 4127 mus
1538 4076 1683 4124 anais
1698 4075 1903 4125 LXVI·
1933 4073 2114 4124 Arntz.

1471 4154 1553 4203 Aa
1568 4152 1788 4208 hamam
1803 4150 2173 4200 concenationis
2189 4145 2476 4213 exemplum]

1406 4229 1559 4278 Hanc
1591 4230 1778 4278 exitum
1817 4227 1967 4277 Leid.
2000 4231 2051 4275 2.
2105 4227 2304 4277 ‘Obire
2338 4239 2475 4275 mor-

1407 4315 1513 4358 tem
1533 4304 1549 4327 ’
1583 4306 1798 4373 ponitur
1830 4311 1976 4355 recte
2009 4319 2108 4369 pro
2129 4312 2366 4356 veterum
2391 4317 2473 4354 ra·

2235 4387 2343 4436 31³
