3025 4934
537 433 666 501 83ss

537 591 870 658 quissimnm.'
938 587 1072 642 Hac
1095 588 1311 655 quisque
1342 586 1498 638 facile
1524 586 1597 635 vi·

537 671 630 720 det
659 684 828 735 neque
863 668 916 717 in
940 668 1181 718 Crassum
1217 665 1472 730 quadrare
1508 678 1599 713 ne·

538 760 641 810 que
687 746 740 794 in
777 744 1030 806 Cassium,
1082 742 1172 792 sed
1214 741 1329 791 loco
1364 754 1472 789 non
1505 753 1601 788 suo

535 823 610 874 ibi
635 839 665 873 a
698 823 986 884 glossatore
1020 820 1197 882 aliquo
1232 832 1345 868 esse
1381 817 1602 867 intrusa.

537 899 673 948 Vide
697 898 819 948 Rufi
836 899 994 949 Brer.
1016 912 1065 948 c.
1086 901 1164 947 17.
1187 895 1276 945 nbi
1298 895 1372 944 nil
1399 894 1603 942 variant

537 975 687 1031 editi,
708 989 807 1025 nec
829 975 919 1039 qui
951 973 1017 1024 ad
1047 986 1226 1022 manns
1263 979 1345 1021 ast
1378 970 1605 1034 scriptus

541 1050 656 1101 cod.
689 1050 868 1101 Arntz.

603 1129 632 1191 §
675 1131 738 1177 1⁷
790 1127 855 1177 Ιιι
895 1127 1167 1192 Byzantio]
1236 1125 1322 1174 Ex
1361 1120 1605 1187 Byzantio

537 1203 717 1254 Guelf.
735 1210 791 1253 et
815 1203 962 1254 Leid.
980 1208 1032 1253 2.
1053 1208 1298 1266 corrupte
1315 1216 1332 1251 s
1355 1200 1454 1249 nisi
1475 1200 1603 1249 velis

533 1280 612 1334 ita
648 1280 911 1345 supplere,
942 1279 1175 1344 quamvis
1206 1276 1405 1336 durius,
1429 1276 1606 1339 sepul·

536 1364 648 1408 tum
673 1371 787 1407 esse
810 1371 999 1421 corpus
1022 1356 1077 1405 in
1099 1355 1226 1405 urbe
1256 1368 1323 1404 ex
1352 1351 1607 1417 Byzantio

537 1434 989 1497 Constantinopoli
1042 1433 1204 1487 dicta,
1252 1431 1304 1480 id
1347 1436 1448 1491 est,
1489 1443 1606 1494 qum

535 1520 659 1561 ante
681 1511 1012 1575 Byzantium,
1046 1516 1230 1571 postea
1260 1507 1362 1557 alio
1397 1507 1608 1555 nomine

535 1587 641 1639 fuit
662 1588 929 1653 insignite.
962 1590 1138 1638 Arntz.

552 1697 556 1705 -
601 1668 631 1729 ξ
669 1670 733 1715 19
769 1664 1144 1714 Constantinam
1184 1663 1259 1726 et]
1312 1660 1606 1711 Auferendi

535 1756 661 1791 casu
692 1741 824 1790 Mss.
861 1747 918 1790 et
957 1740 1154 1803 vulgati
1186 1740 1403 1805 aliquot,
1435 1738 1508 1787 ita
1542 1739 1607 1787 ad

535 1823 635 1868 tres
652 1820 848 1868 redacta
877 1817 1138 1867 dominatio
1171 1824 1244 1865 est
1277 1816 1406 1863 orbis
1429 1815 1609 1863 Romn-

535 1895 590 1943 m'
604 1911 622 1944 .·
663 1895 980 1945 Constantino
1009 1900 1059 1943 et
1097 1893 1379 1943 Constantio
1400 1907 1458 1940 nc
1483 1892 1609 1939 Con-

535 1977 694 2021 stante
723 1972 890 2037 filiis.-
937 1986 1090 2036 qusm
1133 1982 1279 2021 recte
1323 1970 1424 2029 ipsi
1465 1968 1611 2017 vide·

1235 446 1458 496 NOTAE
1507 444 1917 527 ymnorum
1969 444 2047 492 m

1677 584 1836 635 Aliud
1881 585 2044 649 igitur
2092 585 2282 644 agebat
2324 585 2626 636 comtissimi
2665 584 2730 634 in·

1673 663 1809 725 genii
1829 661 2037 717 femina,
2060 662 2222 725 [Vide
2239 661 2371 712 Not.
2387 663 2488 711 Del
2496 664 2607 727 ph.]
2625 676 2733 710 cnm

1672 747 1938 789 auctorem
1960 739 2059 788 boc
2081 740 2195 788 loco
2221 740 2392 803 turpis
2410 740 2586 789 mendi
2604 754 2733 787 reum

1673 824 1872 879 ageret.
1939 817 2020 865 De
2043 830 2136 864 usu
2163 818 2303 865 vocis
2334 819 2352 847 ⁶
2372 818 2556 879 junior
2576 816 2591 838 ’
2624 818 2731 865 vide

1672 893 1889 942 Salmas.
1928 900 1984 940 et
2018 891 2174 942 Grnt.
2210 893 2275 942 e‘d
2312 894 2566 943 Pollionis
2603 894 2736 943 Salo-

1674 970 1851 1019 ninum
1885 968 2181 1018 Gallienum
2203 984 2325 1033 cap·
2346 974 2395 1020 1.
2462 971 2557 1020 Nil
2586 971 2737 1032 magis

1675 1044 1923 1106 frequens
1950 1046 2003 1094 in
2030 1044 2461 1108 Numismatibns‚
2485 1048 2538 1095 in
2565 1047 2740 1107 quibus

1677 1120 1886 1169 obviam
1906 1132 1990 1170 τι..
2012 1133 2453 1171 cons-ran'rmvs.
2476 1134 2596 1171 ivn·
2620 1134 2741 1171 non.

1678 1208 1838 1247 mas.
1861 1197 1999 1260 apud
2022 1195 2309 1262 Oeconem,
2340 1197 2611 1260 Pastinum,
2648 1198 2741 1246 Be-

1676 1286 1855 1334 gerum
1889 1279 2218 1336 ceterosque,
2251 1280 2409 1337 atque
2450 1273 2527 1321 ita
2565 1272 2617 1321 in
2654 1274 2743 1321 boc

1677 1349 1813 1413 ipso,
1836 1363 1988 1413 quesn
2010 1349 2247 1399 additum
2270 1348 2486 1412 videtis,
2522 1364 2741 1398 nummo.

1683 1425 1934 1475 Meliores
1958 1425 2133 1475 Latini
2168 1425 2423 1475 dixissent
2450 1425 2467 1454 ‘
2498 1425 2744 1492 Constan-

1680 1502 1818 1552 tinus
1840 1501 2013 1552 filins.'
2048 1505 2225 1553 Arnas.

539 2048 666 2097 rint.
736 2048 810 2097 Et
851 2062 972 2097 mox
1009 2047 1288 2097 Dalmatius
1325 2046 1611 2096 bachium:
1704 2007 1788 2107 4:¹⁶
1920 2087 2008 2115 ἡ.

535 2130 594 2172 ut
628 2130 686 2172 et
705 2123 1038 2173 Veronensis.
1074 2124 1322 2173 Schottus.
1389 2123 1609 2172 Sextum
1696 2127 1720 2187 ᾗ
1760 2152 1762 2155 v
1848 2154 1896 2199 .·‘==·
1928 2143 2004 2223 ᾐιὲ

538 2205 718 2249 tamen
761 2214 938 2250 casnm
983 2199 1282 2265 praefernnt
1326 2206 1382 2250 et
1427 2200 1610 2264 scripti

535 2277 702 2325 nostri
741 2283 797 2327 et
827 2277 979 2340 editi,
1011 2291 1172 2341 quare
1210 2276 1467 2326 ablativus
1490 2276 1614 2340 erit,

537 2360 598 2401 nt
619 2352 822 2409 dicunt,
843 2353 1143 2415 absolutus3
1177 2353 1241 2402 nd
1277 2361 1385 2402 tres
1415 2353 1610 2417 inperi-

536 2441 625 2477 ιιιιι
672 2432 932 2494 pervenit,
973 2445 1092 2481 cum
1136 2438 1216 2481 tot
1258 2429 1374 2493 filii,
1411 2430 1463 2478 id
1510 2437 1611 2494 est,

534 2507 758 2556 heredes
790 2508 1127 2575 exsisterent.
1192 2506 1390 2558 Justin.
1413 2521 1476 2557 ιι.
1499 2512 1550 2557 8.
1580 2509 1610 2571 §

539 2586 621 2631 1⁶.
652 2585 668 2612 ‘
685 2582 915 2632 Uxor-nm
933 2580 1258 2646 flagitatione
1279 2590 1609 2639 revocsntur,

537 2673 635 2722 per
659 2660 860 2723 legatos
883 2659 1316 2709 denunciantibns
1334 2658 1365 2710 ι’
1388 2659 1458 2709 ibi
1482 2673 1610 2708 non-

537 2736 682 2786 nulla
704 2738 800 2785 viri
825 2737 1048 2787 litterati
1068 2744 1127 2785 et
1139 2736 1387 2786 Dukerus
1403 2737 1470 2785 ad
1489 2737 1609 2786 Flo-

538 2829 652 2863 rum
679 2827 761 2864 tv.
785 2820 865 2865 12.
887 2817 914 2879 §
936 2819 1019 2865 28.
1049 2816 1065 2844 ‘
1087 2812 1361 2865 Defuncto
1395 2815 1465 2864 ibi
1498 2814 1606 2864 for·

537 2890 739 2941 tissime
765 2891 983 2955 juvene,
1017 2892 1139 2956 ipsi,
1175 2890 1313 2956 quod
1347 2906 1607 2955 nunqnam

539 2967 688 3031 alias,
712 2974 921 3017 senatus
942 2965 1230 3032 cognomen
1254 2981 1321 3016 ex
1338 2967 1609 3031 provincia

538 3043 724 3094 dedit!
787 3043 963 3111 Atque
1001 3052 1121 3108 post
1152 3059 1270 3094 eum
1306 3044 1518 3095 Cortius
1542 3044 1607 3093 ad

539 3122 754 3173 Sallust.
777 3122 902 3187 ἄεις.
927 3138 976 3173 c.
998 3125 1082 3172 68.
1109 3125 1139 3188 §
1163 3128 1209 3172 l.
1274 3122 1430 3171 Unde
1453 3135 1608 3187 quar·

539 3206 652 3249 tnin
674 3214 874 3262 casnm,
907 3201 1002 3249 nisi
1036 3200 1101 3249 ab
1138 3199 1365 3261 ingenio,
1387 3213 1610 3262 accepe-

537 3276 611 3326 rit
632 3277 899 3342 Senonas,
920 3277 1106 3326 vellem
1129 3275 1440 3326 addidisset.
1501 3276 1609 3325 Sed

538 3355 670 3404 talia
690 3355 854 3405 multa
876 3354 926 3403 in
952 3354 1067 3417 ejus
1101 3354 1186 3402 ed.
1208 3352 1294 3402 ubi
1325 3366 1426 3401 non
1450 3352 1611 3405 allate

538 3430 676 3481 Μαι.
698 3430 1015 3480 auctoritate
1038 3434 1308 3494 receptam
1329 3427 1609 3479 lectionem

539 3510 783 3558 mutavit.
816 3506 994 3557 Arniz.

595 3584 637 3647 ’ἦ
657 3587 724 3634 20
749 3580 1265 3643 Constantinusjunior
1285 3588 1456 3632 cuncto
1475 3590 1613 3633 trans

538 3659 713 3724 Alpes]
747 3662 894 3711 Natu
927 3660 1138 3726 quidem
1176 3661 1430 3710 maximus
1468 3661 1610 3710 inter

541 3736 734 3787 fratres
781 3741 898 3787 erat
938 3737 1022 3788 bic
1068 3737 1459 3792 Constantinus,
1514 3736 1609 3785 sed

527 3813 701 3875 junior
735 3813 932 3863 dicitur
973 3820 1216 3877 respectu
1257 3813 1508 3875 parentis,
1550 3819 1610 3863 ut

541 3890 610 3939 ab
627 3903 710 3952 eo,
735 3904 836 3940 non
855 3883 887 3939 a
900 3888 1148 3940 frutribus
1163 3888 1609 3952 distingueretnr3

539 3980 713 4031 neque
743 3967 886 4016 enim
912 3968 1011 4017 boc
1045 3981 1176 4030 opus
1211 3972 1343 4026 erat,
1375 3980 1493 4016 cum
1518 3967 1610 4017 ille

540 4044 685 4093 inter
719 4058 812 4093 eos
845 4046 986 4094 solus
1009 4044 1383 4095 Constantinus
1409 4045 1611 4094 dicere·
1639 4065 1643 4071 ·

540 4128 648 4171 tur.
714 4120 858 4172 Hinc
894 4121 1176 4173 tollendum
1210 4122 1392 4171 vitium
1417 4136 1483 4171 ex
1504 4122 1610 4173 Be-

542 4210 730 4258 neven.
753 4198 820 4249 de
845 4199 1031 4251 Ramb.
1053 4199 1105 4248 in
1129 4197 1251 4248 Vita
1275 4198 1609 4250 Constantis:

540 4274 840 4327 “Constans
862 4283 918 4327 et
940 4276 1312 4327 Constantinus
1347 4275 1438 4326 filii
1472 4277 1608 4327 Con-

544 4353 759 4404 stantini
781 4354 952 4405 occiso
977 4352 1136 4403 fratre
1159 4367 1336 4403 eorum
1355 4354 1610 4405 Constan-

548 4427 696 4495 tino.’
763 4429 947 4480 Scribe
969 4430 1130 4494 priori
1146 4431 1259 4479 loco
1283 4430 1611 4481 Constantius.

1746 2740 2141 2805 Annibollianus]
2185 2741 2447 2791 Scribitnr
2481 2747 2539 2791 et
2570 2742 2753 2791 Aniba·

1679 2816 1840 2866 uanus
1872 2825 2060 2867 neutra
2109 2818 2371 2880 geminata
2400 2828 2753 2869 consonante:

1680 2893 1939 2959 habetque
1962 2893 2012 2943 A
2041 2908 2135 2956 pro
2156 2893 2184 2943 1
2206 2893 2399 2943 alicubi
2435 2895 2489 2943 in
2524 2896 2755 2945 secunda

1681 2970 1879 3036 syllaba
1910 2985 2095 3027 nomen
2120 2971 2234 3021 boc.
2276 2972 2437 3021 Vinet.

1741 3050 1979 3097 Constans
1989 3047 2252 3111 coeperunt]
2268 3049 2521 3112 Superest
2538 3063 2608 3100 ex
2627 3050 2753 3100 Mssa

1683 3131 1741 3174 et
1778 3125 2089 3182 Veronensi,
2127 3133 2183 3174 et
2224 3124 2353 3174 illud
2392 3124 2533 3176 infra
2564 3128 2752 3177 duem.

1680 3202 1885 3253 Schott.
1954 3202 2252 3265 Rejecimus
2285 3218 2350 3252 ex
2389 3204 2601 3254 Schotti
2642 3218 2753 3253 nos·

1683 3279 1882 3341 trisque
1916 3277 2071 3328 codd.
2106 3277 2341 3328 inu'tilem
2366 3293 2570 3342 vocem,
2591 3274 2753 3346 'quam

1685 3354 1997 3406 addiderunt
2035 3357 2338 3418 ignorantes
2377 3356 2602 3419 librarii,
2648 3357 2755 3423 qni-

1682 3433 1779 3483 bus
1812 3433 2116 3482 inusitatum
2157 3439 2291 3490 erat,
2330 3434 2404 3483 ita
2440 3433 2756 3484 infinitivum

1682 3510 1915 3559 construi
1937 3510 2207 3559 intellecto
2232 3510 2329 3558 hoc
2350 3510 2441 3559 vel
2468 3511 2560 3559 tali
2584 3511 2754 3573 aliquo

1683 3584 1843 3635 verbo
1860 3584 2031 3635 finito.
2063 3585 2277 3634 Sallust.
2294 3585 2420 3649 Jng.
2446 3600 2565 3649 esp.
2586 3590 2636 3635 7.
2657 3588 2752 3651 §m

1682 3670 1699 3694 ⁴
1722 3663 1896 3724 Igitur
1916 3662 2198 3726 Inperator
2232 3676 2412 3713 ornnes
2436 3662 2550 3713 fere
2572 3677 2655 3711 res
2676 3677 2755 3711 as·

1684 3752 1836 3801 peras
1859 3750 1953 3799 per
1969 3737 2278 3801 Jugurtham
2304 3751 2479 3801 agere,
2501 3739 2554 3787 in
2576 3736 2752 3786 amicis

1683 3815 1895 3870 habere,
1933 3814 2095 3877 magis
2123 3814 2391 3877 magisque
2425 3814 2483 3864 in
2514 3813 2625 3863 dies
2649 3827 2753 3861 am-

1685 3890 1883 3954 plecti.’
1935 3891 2123 3954 Dictys
2169 3890 2440 3941 Cretensis
2487 3890 2555 3941 de
2598 3891 2752 3940 Bello

1684 3968 1830 4033 Troj.
1851 3981 1918 4017 ιι.
1938 3972 2019 4017 49.
2052 3974 2068 3997 ⁴
2092 3967 2223 4019 Qnae
2241 3967 2331 4017 ubi
2353 3981 2630 4033 accepere,
2664 3964 2753 4032 qui

1683 4046 1737 4096 in
1782 4044 1997 4095 consilio
2030 4052 2201 4108 erant,
2235 4044 2484 4095 admirari
2518 4042 2752 4107 magnifi-

1684 4123 1914 4172 centiam
1966 4122 2123 4185 regis,
2174 4123 2400 4171 maxime
2444 4115 2752 4170 Patroclus?

1685 4199 1825 4252 Quid
1862 4199 2027 4249 multa
2079 4199 2134 4247 in
2185 4212 2243 4247 re
2269 4198 2525 4249 notiori?
2566 4196 2752 4246 similia

1682 4276 1963 4328 videantur
1978 4275 2117 4340 apud
2137 4274 2470 4326 Perizon..sd
2484 4274 2749 4346 Sanetinns

1683 4367 1765 4404 tv·
1798 4359 1847 4402 6.
1888 4353 2212 4402 Freinshem.
2248 4353 2313 4401 sd
2355 4352 2559 4402 Florum
2594 4363 2678 4399 ιν.
2702 4354 2752 4399 4.

1684 4434 1787 4497 §2
1824 4430 2089 4479 Vorstimn
2124 4427 2192 4478 ad
2226 4427 2425 4481 sustin.
2466 4441 2532 4477 n.
2558 4430 2606 4476 3.
2635 4427 2665 4492 §
2697 4428 2747 4473 ⁷.
