<?xml version="1.0" encoding="UTF-8"?>
<!DOCTYPE html PUBLIC "-//W3C//DTD XHTML 1.0 Transitional//EN"
    "http://www.w3.org/TR/xhtml1/DTD/xhtml1-transitional.dtd">
<html xmlns="http://www.w3.org/1999/xhtml" xml:lang="en" lang="en">
 <head>
  <title>
</title>
<meta http-equiv="Content-Type" content="text/html;charset=utf-8" />
  <meta name='ocr-system' content='tesseract 3.04.00' />
  <meta name='ocr-capabilities' content='ocr_page ocr_carea ocr_par ocr_line ocrx_word'/>
</head>
<body>
  <div class='ocr_page' id='page_1' title='image "./sextiaureliivic00valpgoog_0175.png"; bbox 0 0 3025 4934; ppageno 0'>
   <div class='ocr_carea' id='block_1_1' title="bbox 557 399 2284 453">
    <p class='ocr_par' dir='ltr' id='par_1_1' title="bbox 557 399 2284 453">
     <span class='ocr_line' id='line_1_1' title="bbox 557 399 2284 453; baseline -0.002 -2"><span class='ocrx_word' id='word_1_1' title='bbox 557 401 845 453; x_wconf 75' lang='lat' dir='ltr'><strong>AURm..</strong></span> <span class='ocrx_word' id='word_1_2' title='bbox 884 401 1081 451; x_wconf 74' lang='lat' dir='ltr'>Vlc‘r.</span> <span class='ocrx_word' id='word_1_3' title='bbox 1123 400 1345 450; x_wconf 78' lang='lat' dir='ltr'>VIROS</span> <span class='ocrx_word' id='word_1_4' title='bbox 1394 400 1747 451; x_wconf 72' lang='lat' dir='ltr'>lbLusTn.</span> <span class='ocrx_word' id='word_1_5' title='bbox 1793 400 1958 449; x_wconf 74' lang='lat' dir='ltr'><strong>OAP.</strong></span> <span class='ocrx_word' id='word_1_6' title='bbox 2006 399 2284 450; x_wconf 76' lang='lat' dir='ltr'>vam.</span> 
     </span>
    </p>
   </div>
   <div class='ocr_carea' id='block_1_2' title="bbox 298 544 1385 4354">
    <p class='ocr_par' dir='ltr' id='par_1_2' title="bbox 319 544 1385 993">
     <span class='ocr_line' id='line_1_2' title="bbox 324 544 1385 610; baseline 0 -16"><span class='ocrx_word' id='word_1_7' title='bbox 324 545 615 610; x_wconf 72' lang='lat' dir='ltr'>jungendi.’</span> <span class='ocrx_word' id='word_1_8' title='bbox 645 548 681 597; x_wconf 87' lang='lat'>1.</span> <span class='ocrx_word' id='word_1_9' title='bbox 708 559 896 596; x_wconf 82' lang='lat' dir='ltr'><strong>xxvn.</strong></span> <span class='ocrx_word' id='word_1_10' title='bbox 924 560 972 596; x_wconf 83' lang='lat' dir='ltr'>c.</span> <span class='ocrx_word' id='word_1_11' title='bbox 989 548 1072 595; x_wconf 75' lang='lat'>6.‘</span> <span class='ocrx_word' id='word_1_12' title='bbox 1089 544 1154 595; x_wconf 89' lang='lat' dir='ltr'>In</span> <span class='ocrx_word' id='word_1_13' title='bbox 1176 545 1385 595; x_wconf 83' lang='lat' dir='ltr'>Italiam</span> 
     </span>
     <span class='ocr_line' id='line_1_3' title="bbox 332 619 1384 687; baseline -0.003 -15"><span class='ocrx_word' id='word_1_14' title='bbox 332 629 681 685; x_wconf 73' lang='lat' dir='ltr'>transgressus</span> <span class='ocrx_word' id='word_1_15' title='bbox 704 622 957 687; x_wconf 75' lang='lat' dir='ltr'>jungeret</span> <span class='ocrx_word' id='word_1_16' title='bbox 982 637 1038 671; x_wconf 82' lang='lat' dir='ltr'>se</span> <span class='ocrx_word' id='word_1_17' title='bbox 1061 619 1384 671; x_wconf 60' lang='lat' dir='ltr'>Hannibali?</span> 
     </span>
     <span class='ocr_line' id='line_1_4' title="bbox 333 698 1384 748; baseline -0.002 -1"><span class='ocrx_word' id='word_1_18' title='bbox 333 710 495 747; x_wconf 75' lang='lat' dir='ltr'>xxix.</span> <span class='ocrx_word' id='word_1_19' title='bbox 517 703 569 746; x_wconf 81' lang='grc'>5.</span> <span class='ocrx_word' id='word_1_20' title='bbox 605 705 621 727; x_wconf 76' lang='grc'><strong>4</strong></span> <span class='ocrx_word' id='word_1_21' title='bbox 638 698 937 748; x_wconf 83' lang='lat' dir='ltr'>Lucretium</span> <span class='ocrx_word' id='word_1_22' title='bbox 960 713 1018 748; x_wconf 87' lang='lat' dir='ltr'>se</span> <span class='ocrx_word' id='word_1_23' title='bbox 1051 713 1169 748; x_wconf 88' lang='lat' dir='ltr'>eum</span> <span class='ocrx_word' id='word_1_24' title='bbox 1191 698 1270 747; x_wconf 87' lang='lat' dir='ltr'>M.</span> <span class='ocrx_word' id='word_1_25' title='bbox 1302 698 1384 748; x_wconf 91' lang='lat' dir='ltr'>Li·</span> 
     </span>
     <span class='ocr_line' id='line_1_5' title="bbox 330 774 1385 838; baseline 0 -16"><span class='ocrx_word' id='word_1_26' title='bbox 330 774 411 824; x_wconf 79' lang='lat' dir='ltr'>vio</span> <span class='ocrx_word' id='word_1_27' title='bbox 434 774 781 838; x_wconf 58' lang='lat' dir='ltr'>junctorum)</span> <span class='ocrx_word' id='word_1_28' title='bbox 812 784 869 826; x_wconf 85' lang='lat' dir='ltr'>et</span> <span class='ocrx_word' id='word_1_29' title='bbox 894 776 1031 825; x_wconf 85' lang='lat' dir='ltr'>Vell.</span> <span class='ocrx_word' id='word_1_30' title='bbox 1068 776 1278 825; x_wconf 68' lang='lat' dir='ltr'>Patere.</span> <span class='ocrx_word' id='word_1_31' title='bbox 1317 788 1385 824; x_wconf 84' lang='lat' dir='ltr'>u.</span> 
     </span>
     <span class='ocr_line' id='line_1_6' title="bbox 327 852 1381 917; baseline 0.002 -16"><span class='ocrx_word' id='word_1_32' title='bbox 327 856 407 902; x_wconf 75' lang='lat'>⁶8.</span> <span class='ocrx_word' id='word_1_33' title='bbox 437 854 466 917; x_wconf 54' lang='grc' dir='ltr'>ᾧ</span> <span class='ocrx_word' id='word_1_34' title='bbox 498 858 548 902; x_wconf 91' lang='grc'>2.</span> <span class='ocrx_word' id='word_1_35' title='bbox 588 853 708 903; x_wconf 82' lang='lat' dir='ltr'>‘Ne</span> <span class='ocrx_word' id='word_1_36' title='bbox 731 866 786 903; x_wconf 84' lang='lat' dir='ltr'>se</span> <span class='ocrx_word' id='word_1_37' title='bbox 811 868 928 903; x_wconf 84' lang='lat' dir='ltr'>enm</span> <span class='ocrx_word' id='word_1_38' title='bbox 953 852 1201 917; x_wconf 81' lang='lat' dir='ltr'>Antonio,</span> <span class='ocrx_word' id='word_1_39' title='bbox 1234 854 1381 903; x_wconf 79' lang='lat' dir='ltr'>hoste</span> 
     </span>
     <span class='ocr_line' id='line_1_7' title="bbox 319 927 1080 993; baseline 0.003 -15"><span class='ocrx_word' id='word_1_40' title='bbox 319 927 579 991; x_wconf 74' lang='lat' dir='ltr'>judicato,</span> <span class='ocrx_word' id='word_1_41' title='bbox 593 929 881 993; x_wconf 66' lang='lat' dir='ltr'>jungeret!</span> <span class='ocrx_word' id='word_1_42' title='bbox 903 927 1080 980; x_wconf 72' lang='lat' dir='ltr'>Arntz.</span> 
     </span>
    </p>

    <p class='ocr_par' dir='ltr' id='par_1_3' title="bbox 322 1005 1382 1144">
     <span class='ocr_line' id='line_1_8' title="bbox 387 1005 1382 1071; baseline 0.001 -17"><span class='ocrx_word' id='word_1_43' title='bbox 387 1005 416 1068; x_wconf 59' lang='grc' dir='ltr'><strong>ξ</strong></span> <span class='ocrx_word' id='word_1_44' title='bbox 438 1010 470 1055; x_wconf 90' lang='grc'><strong>2</strong></span> <span class='ocrx_word' id='word_1_45' title='bbox 494 1005 688 1055; x_wconf 67' lang='lat' dir='ltr'>Relicta</span> <span class='ocrx_word' id='word_1_46' title='bbox 704 1006 863 1071; x_wconf 78' lang='lat' dir='ltr'>purte]</span> <span class='ocrx_word' id='word_1_47' title='bbox 886 1006 1016 1056; x_wconf 87' lang='lat' dir='ltr'>Cum</span> <span class='ocrx_word' id='word_1_48' title='bbox 1045 1007 1113 1058; x_wconf 83' lang='lat' dir='ltr'>Q.</span> <span class='ocrx_word' id='word_1_49' title='bbox 1135 1005 1288 1057; x_wconf 84' lang='lat' dir='ltr'>Catio</span> <span class='ocrx_word' id='word_1_50' title='bbox 1309 1006 1382 1056; x_wconf 79' lang='lat' dir='ltr'>le·</span> 
     </span>
     <span class='ocr_line' id='line_1_9' title="bbox 322 1081 654 1144; baseline 0.003 -15"><span class='ocrx_word' id='word_1_51' title='bbox 322 1089 462 1144; x_wconf 72' lang='lat' dir='ltr'>gato.</span> <span class='ocrx_word' id='word_1_52' title='bbox 486 1081 654 1131; x_wconf 72' lang='lat' dir='ltr'>Mach-</span> 
     </span>
    </p>

    <p class='ocr_par' dir='ltr' id='par_1_4' title="bbox 298 1157 1381 2599">
     <span class='ocr_line' id='line_1_10' title="bbox 384 1157 1381 1222; baseline 0 -16"><span class='ocrx_word' id='word_1_53' title='bbox 384 1157 627 1222; x_wconf 66' lang='lat' dir='ltr'>Meris]</span> <span class='ocrx_word' id='word_1_54' title='bbox 660 1158 766 1207; x_wconf 76' lang='lat' dir='ltr'>Sex</span> <span class='ocrx_word' id='word_1_55' title='bbox 800 1158 1027 1207; x_wconf 84' lang='lat' dir='ltr'>millibus</span> <span class='ocrx_word' id='word_1_56' title='bbox 1053 1157 1304 1221; x_wconf 80' lang='lat' dir='ltr'>peditum,</span> <span class='ocrx_word' id='word_1_57' title='bbox 1326 1164 1381 1206; x_wconf 86' lang='lat' dir='ltr'>et</span> 
     </span>
     <span class='ocr_line' id='line_1_11' title="bbox 324 1232 1380 1297; baseline 0 -16"><span class='ocrx_word' id='word_1_58' title='bbox 324 1232 465 1281; x_wconf 86' lang='lat' dir='ltr'>mille</span> <span class='ocrx_word' id='word_1_59' title='bbox 482 1233 763 1297; x_wconf 76' lang='lat' dir='ltr'>equitibus.</span> <span class='ocrx_word' id='word_1_60' title='bbox 794 1234 960 1284; x_wconf 68' lang='lat' dir='ltr'>Maeli.</span> <span class='ocrx_word' id='word_1_61' title='bbox 1023 1234 1111 1283; x_wconf 81' lang='lat' dir='ltr'>Sic</span> <span class='ocrx_word' id='word_1_62' title='bbox 1132 1235 1380 1283; x_wconf 71' lang='lat' dir='ltr'>haetenus</span> 
     </span>
     <span class='ocr_line' id='line_1_12' title="bbox 322 1307 1378 1374; baseline 0.001 -17"><span class='ocrx_word' id='word_1_63' title='bbox 322 1307 470 1368; x_wconf 82' lang='lat' dir='ltr'>editi,</span> <span class='ocrx_word' id='word_1_64' title='bbox 494 1324 625 1373; x_wconf 86' lang='lat' dir='ltr'>quos</span> <span class='ocrx_word' id='word_1_65' title='bbox 641 1310 760 1359; x_wconf 85' lang='lat' dir='ltr'>mibi</span> <span class='ocrx_word' id='word_1_66' title='bbox 778 1311 958 1361; x_wconf 80' lang='lat' dir='ltr'>videre</span> <span class='ocrx_word' id='word_1_67' title='bbox 977 1312 1218 1374; x_wconf 78' lang='lat' dir='ltr'>contigit.</span> <span class='ocrx_word' id='word_1_68' title='bbox 1249 1311 1378 1360; x_wconf 78' lang='lat' dir='ltr'>Mss.</span> 
     </span>
     <span class='ocr_line' id='line_1_13' title="bbox 321 1385 1378 1443; baseline 0.003 -9"><span class='ocrx_word' id='word_1_69' title='bbox 321 1385 497 1435; x_wconf 74' lang='lat' dir='ltr'>electis.</span> <span class='ocrx_word' id='word_1_70' title='bbox 529 1386 711 1436; x_wconf 85' lang='lat' dir='ltr'>Scribe</span> <span class='ocrx_word' id='word_1_71' title='bbox 732 1385 921 1437; x_wconf 75' lang='lat' dir='ltr'>dilectis</span> <span class='ocrx_word' id='word_1_72' title='bbox 943 1386 1096 1437; x_wconf 84' lang='lat' dir='ltr'>tertia</span> <span class='ocrx_word' id='word_1_73' title='bbox 1114 1387 1297 1443; x_wconf 79' lang='lat' dir='ltr'>vocali,</span> <span class='ocrx_word' id='word_1_74' title='bbox 1320 1393 1378 1437; x_wconf 84' lang='lat' dir='ltr'>ut</span> 
     </span>
     <span class='ocr_line' id='line_1_14' title="bbox 320 1460 1375 1527; baseline 0.001 -16"><span class='ocrx_word' id='word_1_75' title='bbox 320 1460 474 1512; x_wconf 79' lang='lat' dir='ltr'>docet</span> <span class='ocrx_word' id='word_1_76' title='bbox 497 1463 686 1512; x_wconf 84' lang='lat' dir='ltr'>Festus</span> <span class='ocrx_word' id='word_1_77' title='bbox 718 1463 783 1512; x_wconf 81' lang='lat' dir='ltr'>de</span> <span class='ocrx_word' id='word_1_78' title='bbox 806 1462 968 1513; x_wconf 86' lang='lat' dir='ltr'>Verb.</span> <span class='ocrx_word' id='word_1_79' title='bbox 988 1462 1218 1527; x_wconf 78' lang='lat' dir='ltr'>Signifie.</span> <span class='ocrx_word' id='word_1_80' title='bbox 1240 1463 1275 1512; x_wconf 91' lang='lat' dir='ltr'>l.</span> <span class='ocrx_word' id='word_1_81' title='bbox 1298 1476 1375 1512; x_wconf 74' lang='lat' dir='ltr'>w.</span> 
     </span>
     <span class='ocr_line' id='line_1_15' title="bbox 316 1536 1374 1603; baseline 0.002 -17"><span class='ocrx_word' id='word_1_82' title='bbox 316 1536 506 1586; x_wconf 67' lang='lat' dir='ltr'>Schott.</span> <span class='ocrx_word' id='word_1_83' title='bbox 571 1539 695 1588; x_wconf 86' lang='lat' dir='ltr'>Scio</span> <span class='ocrx_word' id='word_1_84' title='bbox 716 1538 839 1602; x_wconf 86' lang='lat' dir='ltr'>quid</span> <span class='ocrx_word' id='word_1_85' title='bbox 865 1539 931 1588; x_wconf 84' lang='lat' dir='ltr'>de</span> <span class='ocrx_word' id='word_1_86' title='bbox 953 1540 1097 1588; x_wconf 83' lang='lat' dir='ltr'>varia</span> <span class='ocrx_word' id='word_1_87' title='bbox 1116 1539 1374 1603; x_wconf 78' lang='lat' dir='ltr'>scriptura</span> 
     </span>
     <span class='ocr_line' id='line_1_16' title="bbox 313 1612 1376 1665; baseline 0.002 -4"><span class='ocrx_word' id='word_1_88' title='bbox 313 1620 329 1642; x_wconf 81' lang='lat'>‘</span> <span class='ocrx_word' id='word_1_89' title='bbox 348 1613 575 1663; x_wconf 79' lang='lat' dir='ltr'>dilectus</span> <span class='ocrx_word' id='word_1_90' title='bbox 588 1612 605 1636; x_wconf 87' lang='lat'>’</span> <span class='ocrx_word' id='word_1_91' title='bbox 623 1620 679 1663; x_wconf 87' lang='lat' dir='ltr'>et</span> <span class='ocrx_word' id='word_1_92' title='bbox 696 1614 713 1642; x_wconf 99' lang='grc'><strong>4</strong></span> <span class='ocrx_word' id='word_1_93' title='bbox 728 1614 965 1664; x_wconf 80' lang='lat' dir='ltr'>delectus</span> <span class='ocrx_word' id='word_1_94' title='bbox 979 1614 995 1637; x_wconf 89' lang='lat'>’</span> <span class='ocrx_word' id='word_1_95' title='bbox 1011 1615 1244 1665; x_wconf 80' lang='lat' dir='ltr'>scribant</span> <span class='ocrx_word' id='word_1_96' title='bbox 1256 1629 1376 1664; x_wconf 86' lang='lat' dir='ltr'>ern·</span> 
     </span>
     <span class='ocr_line' id='line_1_17' title="bbox 315 1689 1374 1755; baseline 0.002 -15"><span class='ocrx_word' id='word_1_97' title='bbox 315 1689 429 1754; x_wconf 82' lang='lat' dir='ltr'>diti,</span> <span class='ocrx_word' id='word_1_98' title='bbox 442 1700 500 1742; x_wconf 83' lang='lat' dir='ltr'>et</span> <span class='ocrx_word' id='word_1_99' title='bbox 522 1692 666 1741; x_wconf 75' lang='lat' dir='ltr'>inter</span> <span class='ocrx_word' id='word_1_100' title='bbox 684 1692 809 1741; x_wconf 84' lang='lat' dir='ltr'>alios</span> <span class='ocrx_word' id='word_1_101' title='bbox 831 1693 934 1743; x_wconf 85' lang='lat' dir='ltr'>tria</span> <span class='ocrx_word' id='word_1_102' title='bbox 949 1692 1034 1741; x_wconf 83' lang='lat' dir='ltr'>illa</span> <span class='ocrx_word' id='word_1_103' title='bbox 1052 1694 1236 1755; x_wconf 76' lang='lat' dir='ltr'>patriae</span> <span class='ocrx_word' id='word_1_104' title='bbox 1254 1707 1374 1743; x_wconf 87' lang='lat' dir='ltr'>nos·</span> 
     </span>
     <span class='ocr_line' id='line_1_18' title="bbox 314 1768 1377 1819; baseline 0.004 -4"><span class='ocrx_word' id='word_1_105' title='bbox 314 1776 409 1817; x_wconf 67' lang='grc' dir='ltr'>πω</span> <span class='ocrx_word' id='word_1_106' title='bbox 425 1768 623 1817; x_wconf 81' lang='lat' dir='ltr'>lumina</span> <span class='ocrx_word' id='word_1_107' title='bbox 640 1769 969 1817; x_wconf 72' lang='lat' dir='ltr'>Burmannus</span> <span class='ocrx_word' id='word_1_108' title='bbox 984 1768 1049 1818; x_wconf 86' lang='lat' dir='ltr'>ad</span> <span class='ocrx_word' id='word_1_109' title='bbox 1065 1768 1224 1818; x_wconf 80' lang='lat' dir='ltr'>ovid.</span> <span class='ocrx_word' id='word_1_110' title='bbox 1243 1768 1377 1819; x_wconf 78' lang='lat' dir='ltr'>Met.</span> 
     </span>
     <span class='ocr_line' id='line_1_19' title="bbox 315 1844 1374 1897; baseline 0.003 -3"><span class='ocrx_word' id='word_1_111' title='bbox 315 1857 374 1894; x_wconf 74' lang='lat' dir='ltr'>x,</span> <span class='ocrx_word' id='word_1_112' title='bbox 394 1849 516 1894; x_wconf 73' lang='grc'><strong>324.</strong></span> <span class='ocrx_word' id='word_1_113' title='bbox 567 1844 837 1894; x_wconf 80' lang='lat' dir='ltr'>Drakenb.</span> <span class='ocrx_word' id='word_1_114' title='bbox 860 1844 923 1892; x_wconf 84' lang='lat' dir='ltr'>ad</span> <span class='ocrx_word' id='word_1_115' title='bbox 946 1845 1127 1895; x_wconf 86' lang='lat' dir='ltr'>Silium</span> <span class='ocrx_word' id='word_1_116' title='bbox 1159 1858 1262 1895; x_wconf 75' lang='lat' dir='ltr'>vn.</span> <span class='ocrx_word' id='word_1_117' title='bbox 1290 1849 1374 1897; x_wconf 76' lang='lat'>48.</span> 
     </span>
     <span class='ocr_line' id='line_1_20' title="bbox 312 1919 1370 1986; baseline 0.001 -17"><span class='ocrx_word' id='word_1_118' title='bbox 312 1928 364 1969; x_wconf 84' lang='lat' dir='ltr'>et</span> <span class='ocrx_word' id='word_1_119' title='bbox 389 1920 600 1970; x_wconf 84' lang='lat' dir='ltr'>Duker.</span> <span class='ocrx_word' id='word_1_120' title='bbox 623 1919 692 1969; x_wconf 81' lang='lat' dir='ltr'>sd</span> <span class='ocrx_word' id='word_1_121' title='bbox 716 1920 856 1969; x_wconf 88' lang='lat' dir='ltr'>Flor.</span> <span class='ocrx_word' id='word_1_122' title='bbox 876 1932 953 1969; x_wconf 84' lang='lat' dir='ltr'>lv.</span> <span class='ocrx_word' id='word_1_123' title='bbox 970 1924 1018 1969; x_wconf 89' lang='grc'>2.</span> <span class='ocrx_word' id='word_1_124' title='bbox 1035 1923 1064 1986; x_wconf 79' lang='lat'>§</span> <span class='ocrx_word' id='word_1_125' title='bbox 1081 1925 1130 1968; x_wconf 83' lang='grc'>5.</span> <span class='ocrx_word' id='word_1_126' title='bbox 1161 1922 1370 1971; x_wconf 86' lang='lat' dir='ltr'>Utrum·</span> 
     </span>
     <span class='ocr_line' id='line_1_21' title="bbox 313 1996 1372 2059; baseline 0.002 -14"><span class='ocrx_word' id='word_1_127' title='bbox 313 2012 413 2059; x_wconf 84' lang='lat' dir='ltr'>que</span> <span class='ocrx_word' id='word_1_128' title='bbox 452 2006 605 2047; x_wconf 76' lang='lat' dir='ltr'>reete</span> <span class='ocrx_word' id='word_1_129' title='bbox 639 1996 745 2045; x_wconf 83' lang='lat' dir='ltr'>dici</span> <span class='ocrx_word' id='word_1_130' title='bbox 785 1997 1046 2058; x_wconf 80' lang='lat' dir='ltr'>existimo,</span> <span class='ocrx_word' id='word_1_131' title='bbox 1068 2004 1214 2047; x_wconf 82' lang='lat' dir='ltr'>certe</span> <span class='ocrx_word' id='word_1_132' title='bbox 1254 1999 1372 2047; x_wconf 86' lang='lat' dir='ltr'>sub·</span> 
     </span>
     <span class='ocr_line' id='line_1_22' title="bbox 310 2071 1373 2123; baseline 0 0"><span class='ocrx_word' id='word_1_133' title='bbox 310 2073 598 2123; x_wconf 78' lang='lat' dir='ltr'>stantivnm</span> <span class='ocrx_word' id='word_1_134' title='bbox 629 2072 886 2122; x_wconf 74' lang='lat' dir='ltr'>‘dilectus</span> <span class='ocrx_word' id='word_1_135' title='bbox 905 2071 922 2096; x_wconf 86' lang='lat'><em>&#39;</em></span> <span class='ocrx_word' id='word_1_136' title='bbox 953 2071 1227 2123; x_wconf 81' lang='lat' dir='ltr'>confirmat</span> <span class='ocrx_word' id='word_1_137' title='bbox 1251 2074 1373 2123; x_wconf 80' lang='lat' dir='ltr'>Fes-</span> 
     </span>
     <span class='ocr_line' id='line_1_23' title="bbox 309 2151 1373 2214; baseline 0.001 -14"><span class='ocrx_word' id='word_1_138' title='bbox 309 2154 349 2201; x_wconf 76' lang='lat' dir='ltr'>ri</span> <span class='ocrx_word' id='word_1_139' title='bbox 373 2153 701 2213; x_wconf 64' lang='lat' dir='ltr'>auctorit-⁸5</span> <span class='ocrx_word' id='word_1_140' title='bbox 733 2151 1052 2214; x_wconf 73' lang='lat' dir='ltr'>adjectivum</span> <span class='ocrx_word' id='word_1_141' title='bbox 1077 2152 1119 2200; x_wconf 88' lang='lat' dir='ltr'>si</span> <span class='ocrx_word' id='word_1_142' title='bbox 1142 2153 1227 2207; x_wconf 87' lang='lat' dir='ltr'>sit,</span> <span class='ocrx_word' id='word_1_143' title='bbox 1249 2153 1373 2201; x_wconf 82' lang='lat' dir='ltr'>mal-</span> 
     </span>
     <span class='ocr_line' id='line_1_24' title="bbox 307 2225 1372 2291; baseline 0 -13"><span class='ocrx_word' id='word_1_144' title='bbox 307 2230 409 2279; x_wconf 79' lang='lat' dir='ltr'>lem</span> <span class='ocrx_word' id='word_1_145' title='bbox 454 2230 666 2278; x_wconf 67' lang='lat' dir='ltr'>deleam</span> <span class='ocrx_word' id='word_1_146' title='bbox 710 2225 976 2291; x_wconf 65' lang='lat' dir='ltr'>preferre.</span> <span class='ocrx_word' id='word_1_147' title='bbox 1041 2228 1255 2277; x_wconf 64' lang='lat' dir='ltr'>Deles-tis</span> <span class='ocrx_word' id='word_1_148' title='bbox 1288 2228 1372 2279; x_wconf 81' lang='lat' dir='ltr'>bie</span> 
     </span>
     <span class='ocr_line' id='line_1_25' title="bbox 305 2304 1373 2369; baseline -0.001 -14"><span class='ocrx_word' id='word_1_149' title='bbox 305 2306 498 2367; x_wconf 74' lang='lat' dir='ltr'>scripti</span> <span class='ocrx_word' id='word_1_150' title='bbox 543 2312 601 2354; x_wconf 86' lang='lat' dir='ltr'>et</span> <span class='ocrx_word' id='word_1_151' title='bbox 642 2304 790 2354; x_wconf 70' lang='lat' dir='ltr'>editi.</span> <span class='ocrx_word' id='word_1_152' title='bbox 870 2305 943 2354; x_wconf 83' lang='lat' dir='ltr'>Et</span> <span class='ocrx_word' id='word_1_153' title='bbox 984 2304 1082 2354; x_wconf 83' lang='lat' dir='ltr'>hoe</span> <span class='ocrx_word' id='word_1_154' title='bbox 1118 2304 1373 2369; x_wconf 87' lang='lat' dir='ltr'>probatur</span> 
     </span>
     <span class='ocr_line' id='line_1_26' title="bbox 304 2379 1374 2446; baseline -0.001 -15"><span class='ocrx_word' id='word_1_155' title='bbox 304 2380 687 2442; x_wconf 82' lang='lat' dir='ltr'>Oudendorpio</span> <span class='ocrx_word' id='word_1_156' title='bbox 710 2379 776 2430; x_wconf 82' lang='lat' dir='ltr'>ad</span> <span class='ocrx_word' id='word_1_157' title='bbox 798 2380 1027 2431; x_wconf 87' lang='lat' dir='ltr'>Frontin.</span> <span class='ocrx_word' id='word_1_158' title='bbox 1049 2382 1084 2430; x_wconf 89' lang='lat' dir='ltr'>l.</span> <span class='ocrx_word' id='word_1_159' title='bbox 1104 2394 1141 2430; x_wconf 81' lang='grc' dir='ltr'>ι.</span> <span class='ocrx_word' id='word_1_160' title='bbox 1157 2396 1202 2431; x_wconf 83' lang='lat' dir='ltr'>e.</span> <span class='ocrx_word' id='word_1_161' title='bbox 1220 2383 1306 2446; x_wconf 78' lang='lat'>1.§</span> <span class='ocrx_word' id='word_1_162' title='bbox 1323 2385 1374 2431; x_wconf 84' lang='lat'>9.</span> 
     </span>
     <span class='ocr_line' id='line_1_27' title="bbox 298 2455 1368 2520; baseline -0.001 -13"><span class='ocrx_word' id='word_1_163' title='bbox 298 2458 425 2520; x_wconf 71' lang='lat' dir='ltr'>Ego</span> <span class='ocrx_word' id='word_1_164' title='bbox 447 2457 615 2506; x_wconf 71' lang='lat' dir='ltr'>electis</span> <span class='ocrx_word' id='word_1_165' title='bbox 636 2455 771 2520; x_wconf 82' lang='lat' dir='ltr'>apud</span> <span class='ocrx_word' id='word_1_166' title='bbox 796 2458 960 2507; x_wconf 84' lang='lat' dir='ltr'>solnm</span> <span class='ocrx_word' id='word_1_167' title='bbox 984 2457 1251 2507; x_wconf 73' lang='lat' dir='ltr'>Schottum</span> <span class='ocrx_word' id='word_1_168' title='bbox 1290 2471 1368 2506; x_wconf 79' lang='lat' dir='ltr'>re-</span> 
     </span>
     <span class='ocr_line' id='line_1_28' title="bbox 304 2531 656 2599; baseline -0.003 -17"><span class='ocrx_word' id='word_1_169' title='bbox 304 2534 444 2599; x_wconf 85' lang='lat' dir='ltr'>peri.</span> <span class='ocrx_word' id='word_1_170' title='bbox 475 2531 656 2581; x_wconf 74' lang='lat' dir='ltr'>Amtz.</span> 
     </span>
    </p>

    <p class='ocr_par' dir='ltr' id='par_1_5' title="bbox 298 2607 1373 4354">
     <span class='ocr_line' id='line_1_29' title="bbox 368 2607 1371 2672; baseline 0.001 -13"><span class='ocrx_word' id='word_1_171' title='bbox 368 2611 448 2659; x_wconf 72' lang='lat' dir='ltr'>Er</span> <span class='ocrx_word' id='word_1_172' title='bbox 469 2608 770 2672; x_wconf 65' lang='lat' dir='ltr'>Metaurum]</span> <span class='ocrx_word' id='word_1_173' title='bbox 791 2608 1084 2660; x_wconf 75' lang='lat' dir='ltr'>Descendit</span> <span class='ocrx_word' id='word_1_174' title='bbox 1108 2609 1160 2658; x_wconf 88' lang='lat' dir='ltr'>in</span> <span class='ocrx_word' id='word_1_175' title='bbox 1186 2607 1371 2660; x_wconf 83' lang='lat' dir='ltr'>Adria·</span> 
     </span>
     <span class='ocr_line' id='line_1_30' title="bbox 301 2688 1370 2752; baseline 0.001 -14"><span class='ocrx_word' id='word_1_176' title='bbox 301 2688 471 2738; x_wconf 74' lang='lat' dir='ltr'>ticum</span> <span class='ocrx_word' id='word_1_177' title='bbox 503 2688 694 2746; x_wconf 84' lang='lat' dir='ltr'>sinum,</span> <span class='ocrx_word' id='word_1_178' title='bbox 727 2688 862 2737; x_wconf 82' lang='lat' dir='ltr'>hand</span> <span class='ocrx_word' id='word_1_179' title='bbox 903 2689 1056 2752; x_wconf 78' lang='lat' dir='ltr'>longe</span> <span class='ocrx_word' id='word_1_180' title='bbox 1079 2705 1110 2738; x_wconf 86' lang='grc' dir='ltr'>ιι</span> <span class='ocrx_word' id='word_1_181' title='bbox 1132 2690 1370 2739; x_wconf 77' lang='lat' dir='ltr'>Fanestri</span> 
     </span>
     <span class='ocr_line' id='line_1_31' title="bbox 300 2764 1373 2831; baseline 0 -15"><span class='ocrx_word' id='word_1_182' title='bbox 300 2764 534 2816; x_wconf 81' lang='lat' dir='ltr'>colonia.</span> <span class='ocrx_word' id='word_1_183' title='bbox 557 2765 719 2820; x_wconf 69' lang='lat' dir='ltr'>Mach-</span> <span class='ocrx_word' id='word_1_184' title='bbox 754 2765 883 2815; x_wconf 81' lang='lat' dir='ltr'>Mss.</span> <span class='ocrx_word' id='word_1_185' title='bbox 900 2766 1373 2831; x_wconf 63' lang='lat' dir='ltr'>Metumqueflu·</span> 
     </span>
     <span class='ocr_line' id='line_1_32' title="bbox 298 2841 1369 2893; baseline 0.001 -1"><span class='ocrx_word' id='word_1_186' title='bbox 298 2843 466 2892; x_wconf 70' lang='lat' dir='ltr'>vium.-</span> <span class='ocrx_word' id='word_1_187' title='bbox 491 2842 708 2891; x_wconf 86' lang='lat' dir='ltr'>Mediol.</span> <span class='ocrx_word' id='word_1_188' title='bbox 727 2841 1037 2891; x_wconf 68' lang='lat' dir='ltr'>Mettium-um</span> <span class='ocrx_word' id='word_1_189' title='bbox 1051 2844 1231 2892; x_wconf 77' lang='lat' dir='ltr'>scribit</span> <span class='ocrx_word' id='word_1_190' title='bbox 1254 2857 1369 2893; x_wconf 85' lang='lat' dir='ltr'>cum</span> 
     </span>
     <span class='ocr_line' id='line_1_33' title="bbox 298 2916 1372 2983; baseline -0.001 -14"><span class='ocrx_word' id='word_1_191' title='bbox 298 2919 515 2983; x_wconf 84' lang='lat' dir='ltr'>spiritu.</span> <span class='ocrx_word' id='word_1_192' title='bbox 548 2919 647 2968; x_wconf 86' lang='lat' dir='ltr'>Est</span> <span class='ocrx_word' id='word_1_193' title='bbox 668 2927 841 2967; x_wconf 83' lang='lat' dir='ltr'>antem</span> <span class='ocrx_word' id='word_1_194' title='bbox 864 2916 1055 2967; x_wconf 83' lang='lat' dir='ltr'>flumen</span> <span class='ocrx_word' id='word_1_195' title='bbox 1077 2917 1129 2967; x_wconf 92' lang='lat' dir='ltr'>in</span> <span class='ocrx_word' id='word_1_196' title='bbox 1153 2918 1372 2968; x_wconf 85' lang='lat' dir='ltr'>Umbria</span> 
     </span>
     <span class='ocr_line' id='line_1_34' title="bbox 299 2994 1369 3058; baseline -0.002 -12"><span class='ocrx_word' id='word_1_197' title='bbox 299 3011 409 3046; x_wconf 82' lang='lat' dir='ltr'>non</span> <span class='ocrx_word' id='word_1_198' title='bbox 437 2996 597 3058; x_wconf 80' lang='lat' dir='ltr'>longe</span> <span class='ocrx_word' id='word_1_199' title='bbox 621 2994 688 3044; x_wconf 86' lang='lat' dir='ltr'>ob</span> <span class='ocrx_word' id='word_1_200' title='bbox 710 2994 868 3057; x_wconf 84' lang='lat' dir='ltr'>opido</span> <span class='ocrx_word' id='word_1_201' title='bbox 892 2995 1049 3055; x_wconf 84' lang='lat' dir='ltr'>Sena,</span> <span class='ocrx_word' id='word_1_202' title='bbox 1070 2994 1209 3057; x_wconf 89' lang='lat' dir='ltr'>quod</span> <span class='ocrx_word' id='word_1_203' title='bbox 1243 2995 1260 3024; x_wconf 94' lang='grc'><strong>4</strong></span> <span class='ocrx_word' id='word_1_204' title='bbox 1278 2996 1369 3044; x_wconf 85' lang='lat' dir='ltr'>Se·</span> 
     </span>
     <span class='ocr_line' id='line_1_35' title="bbox 298 3068 1371 3137; baseline -0.004 -13"><span class='ocrx_word' id='word_1_205' title='bbox 298 3072 588 3137; x_wconf 78' lang='lat' dir='ltr'>nogslliam</span> <span class='ocrx_word' id='word_1_206' title='bbox 606 3068 622 3090; x_wconf 75' lang='lat'><strong><em>⁹</em></strong></span> <span class='ocrx_word' id='word_1_207' title='bbox 642 3072 847 3121; x_wconf 86' lang='lat' dir='ltr'>Plinius</span> <span class='ocrx_word' id='word_1_208' title='bbox 871 3071 921 3121; x_wconf 85' lang='lat' dir='ltr'>N</span> <span class='ocrx_word' id='word_1_209' title='bbox 928 3079 1000 3120; x_wconf 77' lang='lat' dir='ltr'>ar.</span> <span class='ocrx_word' id='word_1_210' title='bbox 1023 3070 1166 3120; x_wconf 83' lang='lat' dir='ltr'>Hist.</span> <span class='ocrx_word' id='word_1_211' title='bbox 1184 3084 1272 3121; x_wconf 84' lang='lat' dir='ltr'>m.</span> <span class='ocrx_word' id='word_1_212' title='bbox 1289 3076 1371 3123; x_wconf 77' lang='grc'>24.</span> 
     </span>
     <span class='ocr_line' id='line_1_36' title="bbox 302 3147 1369 3212; baseline -0.001 -14"><span class='ocrx_word' id='word_1_213' title='bbox 302 3148 560 3212; x_wconf 77' lang='lat' dir='ltr'>appellat.</span> <span class='ocrx_word' id='word_1_214' title='bbox 627 3147 725 3197; x_wconf 85' lang='lat' dir='ltr'>Est</span> <span class='ocrx_word' id='word_1_215' title='bbox 764 3161 887 3197; x_wconf 75' lang='lat' dir='ltr'>vero</span> <span class='ocrx_word' id='word_1_216' title='bbox 909 3162 941 3196; x_wconf 88' lang='lat' dir='ltr'>a</span> <span class='ocrx_word' id='word_1_217' title='bbox 961 3147 1130 3212; x_wconf 81' lang='lat' dir='ltr'>Gallis</span> <span class='ocrx_word' id='word_1_218' title='bbox 1152 3148 1369 3198; x_wconf 85' lang='lat' dir='ltr'>Senoni-</span> 
     </span>
     <span class='ocr_line' id='line_1_37' title="bbox 300 3222 1368 3288; baseline 0.001 -15"><span class='ocrx_word' id='word_1_219' title='bbox 300 3223 403 3273; x_wconf 85' lang='lat' dir='ltr'>bus</span> <span class='ocrx_word' id='word_1_220' title='bbox 428 3222 550 3272; x_wconf 87' lang='lat' dir='ltr'>urbs</span> <span class='ocrx_word' id='word_1_221' title='bbox 572 3222 807 3284; x_wconf 73' lang='lat' dir='ltr'>condita,</span> <span class='ocrx_word' id='word_1_222' title='bbox 832 3235 962 3288; x_wconf 76' lang='lat' dir='ltr'>quos</span> <span class='ocrx_word' id='word_1_223' title='bbox 985 3232 1192 3273; x_wconf 75' lang='lat' dir='ltr'>constat</span> <span class='ocrx_word' id='word_1_224' title='bbox 1208 3224 1368 3287; x_wconf 81' lang='lat' dir='ltr'>juxta</span> 
     </span>
     <span class='ocr_line' id='line_1_38' title="bbox 298 3298 1367 3351; baseline 0.001 -1"><span class='ocrx_word' id='word_1_225' title='bbox 298 3299 635 3351; x_wconf 80' lang='lat' dir='ltr'>Adriaticum</span> <span class='ocrx_word' id='word_1_226' title='bbox 693 3313 837 3349; x_wconf 85' lang='lat' dir='ltr'>mare</span> <span class='ocrx_word' id='word_1_227' title='bbox 889 3298 1040 3349; x_wconf 83' lang='lat' dir='ltr'>sedes</span> <span class='ocrx_word' id='word_1_228' title='bbox 1093 3300 1367 3351; x_wconf 76' lang='lat' dir='ltr'>habuisse:</span> 
     </span>
     <span class='ocr_line' id='line_1_39' title="bbox 304 3374 1365 3439; baseline 0 -13"><span class='ocrx_word' id='word_1_229' title='bbox 304 3383 492 3426; x_wconf 80' lang='lat' dir='ltr'>auctor</span> <span class='ocrx_word' id='word_1_230' title='bbox 532 3374 784 3439; x_wconf 73' lang='lat' dir='ltr'><strong>Polybius</strong></span> <span class='ocrx_word' id='word_1_231' title='bbox 827 3375 920 3423; x_wconf 88' lang='lat' dir='ltr'>lib.</span> <span class='ocrx_word' id='word_1_232' title='bbox 955 3389 1022 3425; x_wconf 90' lang='lat'>11.</span> <span class='ocrx_word' id='word_1_233' title='bbox 1089 3376 1247 3425; x_wconf 80' lang='lat' dir='ltr'>Unde</span> <span class='ocrx_word' id='word_1_234' title='bbox 1287 3376 1365 3427; x_wconf 89' lang='lat' dir='ltr'>M.</span> 
     </span>
     <span class='ocr_line' id='line_1_40' title="bbox 299 3452 1367 3513; baseline 0.001 -12"><span class='ocrx_word' id='word_1_235' title='bbox 299 3452 502 3501; x_wconf 78' lang='lat' dir='ltr'>Tullius</span> <span class='ocrx_word' id='word_1_236' title='bbox 550 3452 605 3502; x_wconf 88' lang='lat' dir='ltr'>in</span> <span class='ocrx_word' id='word_1_237' title='bbox 644 3452 811 3501; x_wconf 72' lang='lat' dir='ltr'>Bruto</span> <span class='ocrx_word' id='word_1_238' title='bbox 845 3452 942 3500; x_wconf 80' lang='lat' dir='ltr'>hoo</span> <span class='ocrx_word' id='word_1_239' title='bbox 975 3452 1206 3513; x_wconf 79' lang='lat' dir='ltr'>proelinm</span> <span class='ocrx_word' id='word_1_240' title='bbox 1243 3453 1367 3502; x_wconf 84' lang='lat' dir='ltr'>‘Se-</span> 
     </span>
     <span class='ocr_line' id='line_1_41' title="bbox 298 3524 1366 3592; baseline 0.001 -16"><span class='ocrx_word' id='word_1_241' title='bbox 298 3526 502 3577; x_wconf 83' lang='lat' dir='ltr'>nense&#39;</span> <span class='ocrx_word' id='word_1_242' title='bbox 538 3534 724 3588; x_wconf 73' lang='lat' dir='ltr'>voeat3</span> <span class='ocrx_word' id='word_1_243' title='bbox 754 3530 771 3555; x_wconf 89' lang='grc'><strong>4</strong></span> <span class='ocrx_word' id='word_1_244' title='bbox 791 3524 992 3582; x_wconf 53' lang='lat' dir='ltr'>Ludis?</span> <span class='ocrx_word' id='word_1_245' title='bbox 1025 3526 1213 3590; x_wconf 84' lang='lat' dir='ltr'>inquit,</span> <span class='ocrx_word' id='word_1_246' title='bbox 1250 3528 1366 3592; x_wconf 85' lang='lat' dir='ltr'>‘jn-</span> 
     </span>
     <span class='ocr_line' id='line_1_42' title="bbox 299 3602 1364 3667; baseline 0.003 -17"><span class='ocrx_word' id='word_1_247' title='bbox 299 3603 556 3666; x_wconf 75' lang='lat' dir='ltr'>ventntis,</span> <span class='ocrx_word' id='word_1_248' title='bbox 572 3617 698 3667; x_wconf 91' lang='lat' dir='ltr'>qnos</span> <span class='ocrx_word' id='word_1_249' title='bbox 718 3602 979 3651; x_wconf 72' lang='lat' dir='ltr'>Salinator</span> <span class='ocrx_word' id='word_1_250' title='bbox 999 3602 1215 3652; x_wconf 77' lang='lat' dir='ltr'>Senensi</span> <span class='ocrx_word' id='word_1_251' title='bbox 1232 3618 1364 3667; x_wconf 73' lang='lat' dir='ltr'>prae·</span> 
     </span>
     <span class='ocr_line' id='line_1_43' title="bbox 300 3676 1365 3730; baseline 0.002 -2"><span class='ocrx_word' id='word_1_252' title='bbox 300 3679 374 3730; x_wconf 89' lang='lat' dir='ltr'>lio</span> <span class='ocrx_word' id='word_1_253' title='bbox 411 3677 666 3729; x_wconf 64' lang='lat' dir='ltr'>voverat!</span> <span class='ocrx_word' id='word_1_254' title='bbox 693 3676 934 3727; x_wconf 66' lang='lat' dir='ltr'>schottus.</span> <span class='ocrx_word' id='word_1_255' title='bbox 999 3678 1080 3727; x_wconf 88' lang='lat' dir='ltr'>De</span> <span class='ocrx_word' id='word_1_256' title='bbox 1119 3679 1365 3730; x_wconf 80' lang='lat' dir='ltr'>Metanro</span> 
     </span>
     <span class='ocr_line' id='line_1_44' title="bbox 301 3754 1363 3821; baseline 0 -16"><span class='ocrx_word' id='word_1_257' title='bbox 301 3756 557 3810; x_wconf 81' lang='lat' dir='ltr'>Heinsius</span> <span class='ocrx_word' id='word_1_258' title='bbox 581 3754 647 3804; x_wconf 83' lang='lat' dir='ltr'>ad</span> <span class='ocrx_word' id='word_1_259' title='bbox 666 3754 848 3804; x_wconf 82' lang='lat' dir='ltr'>Silium</span> <span class='ocrx_word' id='word_1_260' title='bbox 876 3767 980 3804; x_wconf 83' lang='lat' dir='ltr'>vn.</span> <span class='ocrx_word' id='word_1_261' title='bbox 1005 3757 1122 3804; x_wconf 72' lang='lat'><strong>486.</strong></span> <span class='ocrx_word' id='word_1_262' title='bbox 1174 3754 1363 3821; x_wconf 84' lang='lat' dir='ltr'>Adspi-</span> 
     </span>
     <span class='ocr_line' id='line_1_45' title="bbox 301 3831 1364 3896; baseline 0 -13"><span class='ocrx_word' id='word_1_263' title='bbox 301 3833 563 3883; x_wconf 80' lang='lat' dir='ltr'>rationem</span> <span class='ocrx_word' id='word_1_264' title='bbox 596 3832 681 3879; x_wconf 79' lang='lat' dir='ltr'>hie</span> <span class='ocrx_word' id='word_1_265' title='bbox 717 3845 924 3896; x_wconf 86' lang='lat' dir='ltr'>quoque</span> <span class='ocrx_word' id='word_1_266' title='bbox 959 3831 1105 3880; x_wconf 79' lang='lat' dir='ltr'>addit</span> <span class='ocrx_word' id='word_1_267' title='bbox 1138 3832 1281 3882; x_wconf 87' lang='lat' dir='ltr'>Leid.</span> <span class='ocrx_word' id='word_1_268' title='bbox 1318 3838 1364 3884; x_wconf 92' lang='lat'>1.</span> 
     </span>
     <span class='ocr_line' id='line_1_46' title="bbox 298 3908 1366 3971; baseline -0.001 -11"><span class='ocrx_word' id='word_1_269' title='bbox 298 3909 518 3960; x_wconf 81' lang='lat' dir='ltr'>Dicitur</span> <span class='ocrx_word' id='word_1_270' title='bbox 539 3916 710 3957; x_wconf 71' lang='lat' dir='ltr'>antem</span> <span class='ocrx_word' id='word_1_271' title='bbox 743 3915 963 3971; x_wconf 82' lang='lat' dir='ltr'>utroque</span> <span class='ocrx_word' id='word_1_272' title='bbox 986 3908 1138 3957; x_wconf 87' lang='lat' dir='ltr'>modo</span> <span class='ocrx_word' id='word_1_273' title='bbox 1172 3910 1366 3959; x_wconf 58' lang='lat' dir='ltr'>Melam</span> 
     </span>
     <span class='ocr_line' id='line_1_47' title="bbox 301 3982 1364 4035; baseline -0.001 0"><span class='ocrx_word' id='word_1_274' title='bbox 301 4000 391 4035; x_wconf 73' lang='lat' dir='ltr'>rus</span> <span class='ocrx_word' id='word_1_275' title='bbox 405 3993 462 4033; x_wconf 88' lang='lat' dir='ltr'>et</span> <span class='ocrx_word' id='word_1_276' title='bbox 478 3984 774 4034; x_wconf 69' lang='lat' dir='ltr'>Metaurum.</span> <span class='ocrx_word' id='word_1_277' title='bbox 813 3982 1002 4031; x_wconf 84' lang='lat' dir='ltr'>Horat.</span> <span class='ocrx_word' id='word_1_278' title='bbox 1017 3982 1268 4034; x_wconf 72' lang='lat' dir='ltr'><strong>Od.1v.4.</strong></span> <span class='ocrx_word' id='word_1_279' title='bbox 1282 3988 1364 4033; x_wconf 75' lang='lat'>38.</span> 
     </span>
     <span class='ocr_line' id='line_1_48' title="bbox 300 4057 1364 4123; baseline 0.001 -13"><span class='ocrx_word' id='word_1_280' title='bbox 300 4065 317 4090; x_wconf 89' lang='lat'>‘</span> <span class='ocrx_word' id='word_1_281' title='bbox 341 4061 514 4110; x_wconf 76' lang='lat' dir='ltr'>Testis</span> <span class='ocrx_word' id='word_1_282' title='bbox 554 4060 854 4109; x_wconf 84' lang='lat' dir='ltr'>Metaurum</span> <span class='ocrx_word' id='word_1_283' title='bbox 901 4057 1094 4108; x_wconf 87' lang='lat' dir='ltr'>flumen</span> <span class='ocrx_word' id='word_1_284' title='bbox 1115 4076 1130 4109; x_wconf 69' lang='grc' dir='ltr'><em>ε</em></span> <span class='ocrx_word' id='word_1_285' title='bbox 1156 4058 1172 4083; x_wconf 88' lang='grc'><strong>’</strong></span> <span class='ocrx_word' id='word_1_286' title='bbox 1225 4061 1364 4123; x_wconf 83' lang='lat' dir='ltr'>quod</span> 
     </span>
     <span class='ocr_line' id='line_1_49' title="bbox 303 4136 1363 4199; baseline 0.001 -12"><span class='ocrx_word' id='word_1_287' title='bbox 303 4138 440 4187; x_wconf 83' lang='lat' dir='ltr'>male</span> <span class='ocrx_word' id='word_1_288' title='bbox 469 4136 720 4199; x_wconf 71' lang='lat' dir='ltr'>negabat,</span> <span class='ocrx_word' id='word_1_289' title='bbox 753 4143 811 4183; x_wconf 82' lang='lat' dir='ltr'>et</span> <span class='ocrx_word' id='word_1_290' title='bbox 839 4136 1089 4186; x_wconf 71' lang='lat' dir='ltr'>Metaurus</span> <span class='ocrx_word' id='word_1_291' title='bbox 1122 4138 1363 4187; x_wconf 80' lang='lat' dir='ltr'>restitne-</span> 
     </span>
     <span class='ocr_line' id='line_1_50' title="bbox 304 4210 1366 4274; baseline 0 -11"><span class='ocrx_word' id='word_1_292' title='bbox 304 4214 397 4263; x_wconf 78' lang='lat' dir='ltr'>bat</span> <span class='ocrx_word' id='word_1_293' title='bbox 418 4213 483 4263; x_wconf 83' lang='lat' dir='ltr'>ad</span> <span class='ocrx_word' id='word_1_294' title='bbox 507 4211 699 4274; x_wconf 87' lang='lat' dir='ltr'>Pomp.</span> <span class='ocrx_word' id='word_1_295' title='bbox 736 4210 934 4260; x_wconf 81' lang='lat' dir='ltr'>Melam</span> <span class='ocrx_word' id='word_1_296' title='bbox 960 4225 1024 4260; x_wconf 86' lang='lat' dir='ltr'>n.</span> <span class='ocrx_word' id='word_1_297' title='bbox 1061 4215 1111 4261; x_wconf 76' lang='lat'>4.</span> <span class='ocrx_word' id='word_1_298' title='bbox 1130 4216 1214 4263; x_wconf 81' lang='grc'>77.</span> <span class='ocrx_word' id='word_1_299' title='bbox 1238 4213 1366 4263; x_wconf 87' lang='lat' dir='ltr'>Pin·</span> 
     </span>
     <span class='ocr_line' id='line_1_51' title="bbox 304 4286 1365 4354; baseline 0.001 -13"><span class='ocrx_word' id='word_1_300' title='bbox 304 4289 494 4344; x_wconf 80' lang='lat' dir='ltr'>tisnns.</span> <span class='ocrx_word' id='word_1_301' title='bbox 558 4286 742 4342; x_wconf 80' lang='lat' dir='ltr'><strong>Simile</strong></span> <span class='ocrx_word' id='word_1_302' title='bbox 775 4287 1045 4354; x_wconf 78' lang='lat' dir='ltr'>utriusque</span> <span class='ocrx_word' id='word_1_303' title='bbox 1076 4287 1365 4342; x_wconf 76' lang='lat' dir='ltr'>terminati-</span> 
     </span>
    </p>
   </div>
   <div class='ocr_carea' id='block_1_3' title="bbox 2386 385 2519 452">
    <p class='ocr_par' dir='ltr' id='par_1_6' title="bbox 2386 385 2519 452">
     <span class='ocr_line' id='line_1_52' title="bbox 2386 385 2519 452; baseline 0.008 -1"><span class='ocrx_word' id='word_1_304' title='bbox 2386 385 2519 452; x_wconf 82' lang='lat'>617</span> 
     </span>
    </p>
   </div>
   <div class='ocr_carea' id='block_1_4' title="bbox 1435 542 2516 4357">
    <p class='ocr_par' dir='ltr' id='par_1_7' title="bbox 1455 542 2516 747">
     <span class='ocr_line' id='line_1_53' title="bbox 1460 542 2516 607; baseline -0.001 -14"><span class='ocrx_word' id='word_1_305' title='bbox 1460 545 1577 594; x_wconf 87' lang='lat' dir='ltr'>onis</span> <span class='ocrx_word' id='word_1_306' title='bbox 1611 544 1908 607; x_wconf 79' lang='lat' dir='ltr'>exemplum</span> <span class='ocrx_word' id='word_1_307' title='bbox 1949 542 2166 592; x_wconf 81' lang='lat' dir='ltr'>vidimus</span> <span class='ocrx_word' id='word_1_308' title='bbox 2195 542 2249 592; x_wconf 83' lang='lat' dir='ltr'>in</span> <span class='ocrx_word' id='word_1_309' title='bbox 2282 543 2516 607; x_wconf 77' lang='lat' dir='ltr'>‘Sagun-</span> 
     </span>
     <span class='ocr_line' id='line_1_54' title="bbox 1459 620 2515 685; baseline -0.001 -15"><span class='ocrx_word' id='word_1_310' title='bbox 1459 627 1545 670; x_wconf 84' lang='lat' dir='ltr'>tns</span> <span class='ocrx_word' id='word_1_311' title='bbox 1564 620 1580 643; x_wconf 88' lang='grc'><strong>’</strong></span> <span class='ocrx_word' id='word_1_312' title='bbox 1616 628 1672 670; x_wconf 86' lang='lat' dir='ltr'>et</span> <span class='ocrx_word' id='word_1_313' title='bbox 1703 620 1720 647; x_wconf 87' lang='lat'>‘</span> <span class='ocrx_word' id='word_1_314' title='bbox 1735 620 2021 683; x_wconf 74' lang='lat' dir='ltr'>Saguntum</span> <span class='ocrx_word' id='word_1_315' title='bbox 2039 621 2053 643; x_wconf 84' lang='lat'>²</span> <span class='ocrx_word' id='word_1_316' title='bbox 2074 633 2125 669; x_wconf 85' lang='lat' dir='ltr'>c.</span> <span class='ocrx_word' id='word_1_317' title='bbox 2153 623 2237 670; x_wconf 75' lang='grc'>42.</span> <span class='ocrx_word' id='word_1_318' title='bbox 2260 623 2288 685; x_wconf 84' lang='lat'>§</span> <span class='ocrx_word' id='word_1_319' title='bbox 2311 624 2360 669; x_wconf 89' lang='grc'>2.</span> <span class='ocrx_word' id='word_1_320' title='bbox 2379 621 2515 671; x_wconf 73' lang='lat' dir='ltr'>Arn-</span> 
     </span>
     <span class='ocr_line' id='line_1_55' title="bbox 1455 697 1768 747; baseline -0.01 0"><span class='ocrx_word' id='word_1_321' title='bbox 1455 697 1658 747; x_wconf 71' lang='lat' dir='ltr'>eunius.</span> <span class='ocrx_word' id='word_1_322' title='bbox 1754 699 1768 716; x_wconf 81' lang='lat'><strong>·</strong></span> 
     </span>
    </p>

    <p class='ocr_par' dir='ltr' id='par_1_8' title="bbox 1437 772 2515 2366">
     <span class='ocr_line' id='line_1_56' title="bbox 1523 772 2514 836; baseline 0.002 -15"><span class='ocrx_word' id='word_1_323' title='bbox 1523 772 1895 834; x_wconf 67' lang='lat' dir='ltr'>Hasdrubalem]</span> <span class='ocrx_word' id='word_1_324' title='bbox 1920 772 2046 835; x_wconf 83' lang='lat' dir='ltr'>Qui,</span> <span class='ocrx_word' id='word_1_325' title='bbox 2063 778 2120 821; x_wconf 88' lang='lat' dir='ltr'>ut</span> <span class='ocrx_word' id='word_1_326' title='bbox 2143 781 2295 836; x_wconf 82' lang='lat' dir='ltr'>patre</span> <span class='ocrx_word' id='word_1_327' title='bbox 2311 772 2514 823; x_wconf 80' lang='lat' dir='ltr'>Hamil·</span> 
     </span>
     <span class='ocr_line' id='line_1_57' title="bbox 1454 848 2512 913; baseline 0.002 -15"><span class='ocrx_word' id='word_1_328' title='bbox 1454 863 1596 912; x_wconf 77' lang='lat' dir='ltr'>care,</span> <span class='ocrx_word' id='word_1_329' title='bbox 1626 856 1682 901; x_wconf 78' lang='lat' dir='ltr'>et</span> <span class='ocrx_word' id='word_1_330' title='bbox 1706 849 2000 899; x_wconf 74' lang='lat' dir='ltr'>Hannibale</span> <span class='ocrx_word' id='word_1_331' title='bbox 2029 848 2193 898; x_wconf 84' lang='lat' dir='ltr'>fratre</span> <span class='ocrx_word' id='word_1_332' title='bbox 2222 850 2435 913; x_wconf 77' lang='lat' dir='ltr'>dignum</span> <span class='ocrx_word' id='word_1_333' title='bbox 2459 865 2512 900; x_wconf 91' lang='lat' dir='ltr'>e·</span> 
     </span>
     <span class='ocr_line' id='line_1_58' title="bbox 1456 925 2514 989; baseline 0.004 -16"><span class='ocrx_word' id='word_1_334' title='bbox 1456 931 1555 981; x_wconf 81' lang='lat' dir='ltr'>rat.</span> <span class='ocrx_word' id='word_1_335' title='bbox 1582 940 1811 988; x_wconf 79' lang='lat' dir='ltr'>pugnans</span> <span class='ocrx_word' id='word_1_336' title='bbox 1844 926 2054 982; x_wconf 81' lang='lat' dir='ltr'>cecidit,</span> <span class='ocrx_word' id='word_1_337' title='bbox 2084 925 2395 989; x_wconf 83' lang='lat' dir='ltr'>redditaque</span> <span class='ocrx_word' id='word_1_338' title='bbox 2431 934 2514 977; x_wconf 84' lang='lat' dir='ltr'>est</span> 
     </span>
     <span class='ocr_line' id='line_1_59' title="bbox 1455 1000 2512 1065; baseline -0.001 -13"><span class='ocrx_word' id='word_1_339' title='bbox 1455 1002 1632 1052; x_wconf 81' lang='lat' dir='ltr'>clades</span> <span class='ocrx_word' id='word_1_340' title='bbox 1667 1003 1954 1053; x_wconf 84' lang='lat' dir='ltr'>Cannensis</span> <span class='ocrx_word' id='word_1_341' title='bbox 1981 1016 2074 1065; x_wconf 87' lang='lat' dir='ltr'>per</span> <span class='ocrx_word' id='word_1_342' title='bbox 2101 1011 2259 1063; x_wconf 84' lang='lat' dir='ltr'>eaput</span> <span class='ocrx_word' id='word_1_343' title='bbox 2284 1000 2512 1051; x_wconf 82' lang='lat' dir='ltr'>Hasdru·</span> 
     </span>
     <span class='ocr_line' id='line_1_60' title="bbox 1453 1078 2515 1129; baseline 0.001 -1"><span class='ocrx_word' id='word_1_344' title='bbox 1453 1078 1601 1128; x_wconf 80' lang='lat' dir='ltr'>baiis.</span> <span class='ocrx_word' id='word_1_345' title='bbox 1652 1078 1965 1128; x_wconf 71' lang='lat' dir='ltr'>Petrai-elis:</span> <span class='ocrx_word' id='word_1_346' title='bbox 1995 1079 2195 1127; x_wconf 76' lang='lat' dir='ltr'>Claudio</span> <span class='ocrx_word' id='word_1_347' title='bbox 2218 1079 2408 1128; x_wconf 75' lang='lat' dir='ltr'>Nerone</span> <span class='ocrx_word' id='word_1_348' title='bbox 2428 1080 2515 1129; x_wconf 73' lang='lat' dir='ltr'>che</span> 
     </span>
     <span class='ocr_line' id='line_1_61' title="bbox 1451 1153 2513 1219; baseline 0.003 -17"><span class='ocrx_word' id='word_1_349' title='bbox 1451 1156 1497 1204; x_wconf 83' lang='lat' dir='ltr'>el</span> <span class='ocrx_word' id='word_1_350' title='bbox 1523 1169 1638 1217; x_wconf 78' lang='lat' dir='ltr'>capo</span> <span class='ocrx_word' id='word_1_351' title='bbox 1666 1157 1726 1205; x_wconf 77' lang='lat' dir='ltr'>de</span> <span class='ocrx_word' id='word_1_352' title='bbox 1747 1153 2049 1206; x_wconf 67' lang='lat' dir='ltr'>Hasdrubale</span> <span class='ocrx_word' id='word_1_353' title='bbox 2078 1160 2293 1219; x_wconf 72' lang='lat' dir='ltr'>presente</span> <span class='ocrx_word' id='word_1_354' title='bbox 2331 1157 2380 1204; x_wconf 81' lang='lat' dir='ltr'>nl</span> <span class='ocrx_word' id='word_1_355' title='bbox 2395 1156 2513 1215; x_wconf 72' lang='lat' dir='ltr'>fia·</span> 
     </span>
     <span class='ocr_line' id='line_1_62' title="bbox 1451 1234 2513 1297; baseline 0.003 -16"><span class='ocrx_word' id='word_1_356' title='bbox 1451 1234 1563 1281; x_wconf 74' lang='lat' dir='ltr'>tello</span> <span class='ocrx_word' id='word_1_357' title='bbox 1576 1247 1742 1297; x_wconf 72' lang='lat' dir='ltr'>aspero</span> <span class='ocrx_word' id='word_1_358' title='bbox 1761 1239 1808 1281; x_wconf 79' lang='lat' dir='ltr'>et</span> <span class='ocrx_word' id='word_1_359' title='bbox 1826 1234 1995 1293; x_wconf 73' lang='lat' dir='ltr'>seme</span> <span class='ocrx_word' id='word_1_360' title='bbox 2014 1234 2060 1282; x_wconf 78' lang='lat' dir='ltr'>si</span> <span class='ocrx_word' id='word_1_361' title='bbox 2090 1234 2173 1282; x_wconf 70' lang='lat' dir='ltr'>che</span> <span class='ocrx_word' id='word_1_362' title='bbox 2185 1235 2244 1283; x_wconf 82' lang='lat' dir='ltr'>de</span> <span class='ocrx_word' id='word_1_363' title='bbox 2256 1234 2418 1294; x_wconf 70' lang='lat' dir='ltr'>anglia</span> <span class='ocrx_word' id='word_1_364' title='bbox 2436 1234 2513 1296; x_wconf 78' lang='lat' dir='ltr'>gli</span> 
     </span>
     <span class='ocr_line' id='line_1_63' title="bbox 1437 1308 2511 1373; baseline 0.002 -14"><span class='ocrx_word' id='word_1_365' title='bbox 1437 1308 1551 1369; x_wconf 78' lang='lat' dir='ltr'>fece</span> <span class='ocrx_word' id='word_1_366' title='bbox 1568 1310 1727 1360; x_wconf 65' lang='lat' dir='ltr'>acuar</span> <span class='ocrx_word' id='word_1_367' title='bbox 1740 1311 1786 1359; x_wconf 76' lang='lat' dir='ltr'>ie</span> <span class='ocrx_word' id='word_1_368' title='bbox 1804 1311 1969 1373; x_wconf 75' lang='lat' dir='ltr'>epaue.</span> <span class='ocrx_word' id='word_1_369' title='bbox 2005 1311 2174 1361; x_wconf 82' lang='lat' dir='ltr'>Causa</span> <span class='ocrx_word' id='word_1_370' title='bbox 2199 1310 2360 1359; x_wconf 66' lang='lat' dir='ltr'>ruinae</span> <span class='ocrx_word' id='word_1_371' title='bbox 2376 1309 2511 1361; x_wconf 81' lang='lat' dir='ltr'>Has-</span> 
     </span>
     <span class='ocr_line' id='line_1_64' title="bbox 1452 1384 2511 1450; baseline 0.004 -16"><span class='ocrx_word' id='word_1_372' title='bbox 1452 1386 1681 1436; x_wconf 80' lang='lat' dir='ltr'>drubalis</span> <span class='ocrx_word' id='word_1_373' title='bbox 1716 1384 1866 1436; x_wconf 81' lang='lat' dir='ltr'>fuere</span> <span class='ocrx_word' id='word_1_374' title='bbox 1910 1388 2073 1450; x_wconf 79' lang='lat' dir='ltr'>legati</span> <span class='ocrx_word' id='word_1_375' title='bbox 2115 1402 2233 1436; x_wconf 89' lang='lat' dir='ltr'>cnm</span> <span class='ocrx_word' id='word_1_376' title='bbox 2272 1388 2441 1439; x_wconf 79' lang='lat' dir='ltr'>literis</span> <span class='ocrx_word' id='word_1_377' title='bbox 2477 1403 2511 1438; x_wconf 81' lang='lat' dir='ltr'>a</span> 
     </span>
     <span class='ocr_line' id='line_1_65' title="bbox 1449 1460 2509 1528; baseline 0.003 -18"><span class='ocrx_word' id='word_1_378' title='bbox 1449 1460 1615 1512; x_wconf 79' lang='lat' dir='ltr'>fratre</span> <span class='ocrx_word' id='word_1_379' title='bbox 1651 1462 1715 1511; x_wconf 84' lang='lat' dir='ltr'>ad</span> <span class='ocrx_word' id='word_1_380' title='bbox 1740 1462 2082 1512; x_wconf 83' lang='lat' dir='ltr'>Hannibalem</span> <span class='ocrx_word' id='word_1_381' title='bbox 2117 1462 2277 1526; x_wconf 84' lang='lat' dir='ltr'>missi,</span> <span class='ocrx_word' id='word_1_382' title='bbox 2311 1466 2395 1528; x_wconf 83' lang='lat' dir='ltr'>qui</span> <span class='ocrx_word' id='word_1_383' title='bbox 2429 1465 2509 1513; x_wconf 88' lang='lat' dir='ltr'>in-</span> 
     </span>
     <span class='ocr_line' id='line_1_66' title="bbox 1449 1538 2513 1591; baseline 0.003 -3"><span class='ocrx_word' id='word_1_384' title='bbox 1449 1540 1606 1590; x_wconf 79' lang='lat' dir='ltr'>certis</span> <span class='ocrx_word' id='word_1_385' title='bbox 1638 1538 1909 1588; x_wconf 75' lang='lat' dir='ltr'>itineribus</span> <span class='ocrx_word' id='word_1_386' title='bbox 1953 1538 2233 1587; x_wconf 65' lang='lat' dir='ltr'>Tarentum</span> <span class='ocrx_word' id='word_1_387' title='bbox 2258 1539 2420 1589; x_wconf 78' lang='lat' dir='ltr'>delati</span> <span class='ocrx_word' id='word_1_388' title='bbox 2454 1546 2513 1591; x_wconf 78' lang='lat' dir='ltr'>et</span> 
     </span>
     <span class='ocr_line' id='line_1_67' title="bbox 1448 1613 2513 1678; baseline 0.003 -14"><span class='ocrx_word' id='word_1_389' title='bbox 1448 1615 1612 1678; x_wconf 74' lang='lat' dir='ltr'>eapti,</span> <span class='ocrx_word' id='word_1_390' title='bbox 1625 1616 1688 1664; x_wconf 82' lang='lat' dir='ltr'>ad</span> <span class='ocrx_word' id='word_1_391' title='bbox 1703 1613 1975 1664; x_wconf 82' lang='lat' dir='ltr'>Claudium</span> <span class='ocrx_word' id='word_1_392' title='bbox 1992 1613 2251 1664; x_wconf 83' lang='lat' dir='ltr'>Neronem</span> <span class='ocrx_word' id='word_1_393' title='bbox 2270 1615 2513 1678; x_wconf 78' lang='lat' dir='ltr'>perducti</span> 
     </span>
     <span class='ocr_line' id='line_1_68' title="bbox 1448 1689 2509 1757; baseline 0.003 -17"><span class='ocrx_word' id='word_1_394' title='bbox 1448 1689 1613 1746; x_wconf 79' lang='lat' dir='ltr'>fuere,</span> <span class='ocrx_word' id='word_1_395' title='bbox 1634 1691 1773 1741; x_wconf 80' lang='lat' dir='ltr'>nude</span> <span class='ocrx_word' id='word_1_396' title='bbox 1793 1692 1996 1753; x_wconf 82' lang='lat' dir='ltr'>consul,</span> <span class='ocrx_word' id='word_1_397' title='bbox 2018 1691 2287 1741; x_wconf 79' lang='lat' dir='ltr'>admonito</span> <span class='ocrx_word' id='word_1_398' title='bbox 2305 1701 2509 1757; x_wconf 76' lang='lat' dir='ltr'>senatu,</span> 
     </span>
     <span class='ocr_line' id='line_1_69' title="bbox 1448 1768 2507 1834; baseline 0.002 -15"><span class='ocrx_word' id='word_1_399' title='bbox 1448 1777 1708 1819; x_wconf 84' lang='lat' dir='ltr'>nocturno</span> <span class='ocrx_word' id='word_1_400' title='bbox 1735 1768 2000 1832; x_wconf 81' lang='lat' dir='ltr'>profectus</span> <span class='ocrx_word' id='word_1_401' title='bbox 2024 1778 2264 1834; x_wconf 80' lang='lat' dir='ltr'>tempore</span> <span class='ocrx_word' id='word_1_402' title='bbox 2286 1777 2342 1821; x_wconf 80' lang='lat' dir='ltr'>et</span> <span class='ocrx_word' id='word_1_403' title='bbox 2365 1771 2507 1821; x_wconf 88' lang='lat' dir='ltr'>diur-</span> 
     </span>
     <span class='ocr_line' id='line_1_70' title="bbox 1450 1845 2507 1909; baseline 0.005 -16"><span class='ocrx_word' id='word_1_404' title='bbox 1450 1859 1538 1908; x_wconf 89' lang='lat' dir='ltr'>no,</span> <span class='ocrx_word' id='word_1_405' title='bbox 1583 1845 1791 1908; x_wconf 81' lang='lat' dir='ltr'>quantis</span> <span class='ocrx_word' id='word_1_406' title='bbox 1833 1846 2068 1895; x_wconf 79' lang='lat' dir='ltr'>maximis</span> <span class='ocrx_word' id='word_1_407' title='bbox 2105 1846 2279 1909; x_wconf 78' lang='lat' dir='ltr'>potuit</span> <span class='ocrx_word' id='word_1_408' title='bbox 2308 1847 2507 1898; x_wconf 74' lang='lat' dir='ltr'>itineri-</span> 
     </span>
     <span class='ocr_line' id='line_1_71' title="bbox 1449 1920 2509 1983; baseline 0.004 -13"><span class='ocrx_word' id='word_1_409' title='bbox 1449 1920 1567 1982; x_wconf 84' lang='lat' dir='ltr'>bus,</span> <span class='ocrx_word' id='word_1_410' title='bbox 1606 1920 1766 1970; x_wconf 81' lang='lat' dir='ltr'>tacite</span> <span class='ocrx_word' id='word_1_411' title='bbox 1805 1922 1870 1970; x_wconf 87' lang='lat' dir='ltr'>ad</span> <span class='ocrx_word' id='word_1_412' title='bbox 1915 1922 2103 1972; x_wconf 85' lang='lat' dir='ltr'>Senam</span> <span class='ocrx_word' id='word_1_413' title='bbox 2142 1921 2383 1983; x_wconf 76' lang='lat' dir='ltr'>Galliam,</span> <span class='ocrx_word' id='word_1_414' title='bbox 2416 1924 2509 1974; x_wconf 86' lang='lat' dir='ltr'>nbi</span> 
     </span>
     <span class='ocr_line' id='line_1_72' title="bbox 1447 1997 2502 2061; baseline 0.005 -15"><span class='ocrx_word' id='word_1_415' title='bbox 1447 2005 1622 2047; x_wconf 78' lang='lat' dir='ltr'>eastra</span> <span class='ocrx_word' id='word_1_416' title='bbox 1657 1997 1732 2046; x_wconf 91' lang='lat' dir='ltr'>M.</span> <span class='ocrx_word' id='word_1_417' title='bbox 1781 1997 1916 2046; x_wconf 79' lang='lat' dir='ltr'>Livii</span> <span class='ocrx_word' id='word_1_418' title='bbox 1960 2004 2129 2057; x_wconf 85' lang='lat' dir='ltr'>erant,</span> <span class='ocrx_word' id='word_1_419' title='bbox 2171 2001 2502 2061; x_wconf 73' lang='lat' dir='ltr'>properavitt</span> 
     </span>
     <span class='ocr_line' id='line_1_73' title="bbox 1449 2072 2505 2138; baseline 0.004 -18"><span class='ocrx_word' id='word_1_420' title='bbox 1449 2073 1538 2137; x_wconf 87' lang='lat' dir='ltr'>qui</span> <span class='ocrx_word' id='word_1_421' title='bbox 1581 2072 1792 2122; x_wconf 80' lang='lat' dir='ltr'>silentio</span> <span class='ocrx_word' id='word_1_422' title='bbox 1825 2073 2042 2136; x_wconf 81' lang='lat' dir='ltr'>egressi,</span> <span class='ocrx_word' id='word_1_423' title='bbox 2078 2088 2109 2121; x_wconf 86' lang='lat' dir='ltr'>a</span> <span class='ocrx_word' id='word_1_424' title='bbox 2143 2073 2251 2122; x_wconf 85' lang='lat' dir='ltr'>suis</span> <span class='ocrx_word' id='word_1_425' title='bbox 2285 2074 2505 2138; x_wconf 85' lang='lat' dir='ltr'>quisque</span> 
     </span>
     <span class='ocr_line' id='line_1_74' title="bbox 1447 2148 2509 2202; baseline 0.004 -4"><span class='ocrx_word' id='word_1_426' title='bbox 1447 2148 1643 2198; x_wconf 82' lang='lat' dir='ltr'>ordinis</span> <span class='ocrx_word' id='word_1_427' title='bbox 1660 2149 1948 2199; x_wconf 88' lang='lat' dir='ltr'>hominibus</span> <span class='ocrx_word' id='word_1_428' title='bbox 1964 2149 2029 2198; x_wconf 84' lang='lat' dir='ltr'>ad</span> <span class='ocrx_word' id='word_1_429' title='bbox 2048 2149 2273 2199; x_wconf 75' lang='lat' dir='ltr'>tentoria</span> <span class='ocrx_word' id='word_1_430' title='bbox 2291 2151 2509 2202; x_wconf 79' lang='lat' dir='ltr'>adducti</span> 
     </span>
     <span class='ocr_line' id='line_1_75' title="bbox 1445 2227 2509 2294; baseline 0.008 -23"><span class='ocrx_word' id='word_1_431' title='bbox 1445 2238 1564 2274; x_wconf 82' lang='lat' dir='ltr'>cum</span> <span class='ocrx_word' id='word_1_432' title='bbox 1588 2240 1786 2276; x_wconf 81' lang='lat' dir='ltr'>summa</span> <span class='ocrx_word' id='word_1_433' title='bbox 1820 2227 2045 2275; x_wconf 87' lang='lat' dir='ltr'>omnium</span> <span class='ocrx_word' id='word_1_434' title='bbox 2071 2227 2258 2277; x_wconf 75' lang='lat' dir='ltr'>laetitia</span> <span class='ocrx_word' id='word_1_435' title='bbox 2276 2228 2509 2294; x_wconf 68' lang='lat' dir='ltr'>bospite·</span> 
     </span>
     <span class='ocr_line' id='line_1_76' title="bbox 1446 2301 2121 2366; baseline 0.001 -16"><span class='ocrx_word' id='word_1_436' title='bbox 1446 2302 1567 2350; x_wconf 88' lang='lat' dir='ltr'>liter</span> <span class='ocrx_word' id='word_1_437' title='bbox 1589 2301 1936 2366; x_wconf 82' lang='lat' dir='ltr'>excipiuntur.</span> <span class='ocrx_word' id='word_1_438' title='bbox 1956 2302 2121 2352; x_wconf 67' lang='lat' dir='ltr'>Maeli.</span> 
     </span>
    </p>

    <p class='ocr_par' dir='ltr' id='par_1_9' title="bbox 1435 2370 2503 4357">
     <span class='ocr_line' id='line_1_77' title="bbox 1510 2370 2503 2444; baseline 0.003 -17"><span class='ocrx_word' id='word_1_439' title='bbox 1510 2380 1539 2442; x_wconf 60' lang='grc' dir='ltr'><strong>ς</strong></span> <span class='ocrx_word' id='word_1_440' title='bbox 1563 2382 1592 2427; x_wconf 75' lang='lat'><em>8</em></span> <span class='ocrx_word' id='word_1_441' title='bbox 1627 2379 1858 2444; x_wconf 75' lang='lat' dir='ltr'>Venerat]</span> <span class='ocrx_word' id='word_1_442' title='bbox 1879 2379 1985 2429; x_wconf 87' lang='lat' dir='ltr'>Pro</span> <span class='ocrx_word' id='word_1_443' title='bbox 2001 2370 2194 2430; x_wconf 69' lang='lat' dir='ltr'>venet-ni</span> <span class='ocrx_word' id='word_1_444' title='bbox 2209 2379 2260 2427; x_wconf 92' lang='lat' dir='ltr'>in</span> <span class='ocrx_word' id='word_1_445' title='bbox 2277 2380 2503 2444; x_wconf 81' lang='lat' dir='ltr'>antiquis</span> 
     </span>
     <span class='ocr_line' id='line_1_78' title="bbox 1444 2455 2502 2517; baseline 0.004 -14"><span class='ocrx_word' id='word_1_446' title='bbox 1444 2455 1656 2517; x_wconf 76' lang='lat' dir='ltr'>scriptis</span> <span class='ocrx_word' id='word_1_447' title='bbox 1678 2455 1848 2512; x_wconf 74' lang='lat' dir='ltr'>iverat,</span> <span class='ocrx_word' id='word_1_448' title='bbox 1874 2456 2073 2505; x_wconf 81' lang='lat' dir='ltr'>melius.</span> <span class='ocrx_word' id='word_1_449' title='bbox 2108 2455 2290 2506; x_wconf 65' lang='lat' dir='ltr'>Senon.</span> <span class='ocrx_word' id='word_1_450' title='bbox 2358 2458 2502 2509; x_wconf 84' lang='lat' dir='ltr'>Quos</span> 
     </span>
     <span class='ocr_line' id='line_1_79' title="bbox 1441 2530 2503 2598; baseline 0.005 -20"><span class='ocrx_word' id='word_1_451' title='bbox 1441 2530 1668 2594; x_wconf 83' lang='lat' dir='ltr'>scriptos</span> <span class='ocrx_word' id='word_1_452' title='bbox 1681 2532 1765 2582; x_wconf 85' lang='lat' dir='ltr'>hie</span> <span class='ocrx_word' id='word_1_453' title='bbox 1784 2533 1967 2582; x_wconf 86' lang='lat' dir='ltr'>innuat</span> <span class='ocrx_word' id='word_1_454' title='bbox 1983 2531 2503 2598; x_wconf 84' lang='lat' dir='ltr'>Schottus‚equidem</span> 
     </span>
     <span class='ocr_line' id='line_1_80' title="bbox 1443 2608 2501 2672; baseline 0.003 -17"><span class='ocrx_word' id='word_1_455' title='bbox 1443 2608 1644 2667; x_wconf 83' lang='lat' dir='ltr'>nescio,</span> <span class='ocrx_word' id='word_1_456' title='bbox 1672 2612 1729 2656; x_wconf 89' lang='lat' dir='ltr'>et</span> <span class='ocrx_word' id='word_1_457' title='bbox 1749 2608 1966 2670; x_wconf 78' lang='lat' dir='ltr'>perinde</span> <span class='ocrx_word' id='word_1_458' title='bbox 1987 2618 2092 2672; x_wconf 85' lang='lat' dir='ltr'>est,</span> <span class='ocrx_word' id='word_1_459' title='bbox 2118 2623 2234 2660; x_wconf 85' lang='lat' dir='ltr'>cnm</span> <span class='ocrx_word' id='word_1_460' title='bbox 2270 2609 2370 2658; x_wconf 83' lang='lat' dir='ltr'>boc</span> <span class='ocrx_word' id='word_1_461' title='bbox 2388 2623 2501 2658; x_wconf 86' lang='lat' dir='ltr'>cer·</span> 
     </span>
     <span class='ocr_line' id='line_1_81' title="bbox 1445 2683 2503 2748; baseline 0.004 -17"><span class='ocrx_word' id='word_1_462' title='bbox 1445 2690 1555 2732; x_wconf 85' lang='lat' dir='ltr'>tum</span> <span class='ocrx_word' id='word_1_463' title='bbox 1574 2683 1642 2732; x_wconf 87' lang='lat' dir='ltr'>sit</span> <span class='ocrx_word' id='word_1_464' title='bbox 1667 2698 1756 2732; x_wconf 86' lang='lat' dir='ltr'>eos</span> <span class='ocrx_word' id='word_1_465' title='bbox 1782 2698 2020 2748; x_wconf 79' lang='lat' dir='ltr'>peceare,</span> <span class='ocrx_word' id='word_1_466' title='bbox 2038 2695 2097 2734; x_wconf 87' lang='lat' dir='ltr'>et</span> <span class='ocrx_word' id='word_1_467' title='bbox 2117 2698 2346 2735; x_wconf 83' lang='lat' dir='ltr'>errorem</span> <span class='ocrx_word' id='word_1_468' title='bbox 2363 2686 2503 2736; x_wconf 81' lang='lat' dir='ltr'>hune</span> 
     </span>
     <span class='ocr_line' id='line_1_82' title="bbox 1445 2759 2502 2826; baseline 0.003 -18"><span class='ocrx_word' id='word_1_469' title='bbox 1445 2759 1623 2809; x_wconf 85' lang='lat' dir='ltr'>abesse</span> <span class='ocrx_word' id='word_1_470' title='bbox 1648 2761 1712 2811; x_wconf 78' lang='lat' dir='ltr'>ab</span> <span class='ocrx_word' id='word_1_471' title='bbox 1735 2761 1971 2811; x_wconf 79' lang='lat' dir='ltr'>omnibus</span> <span class='ocrx_word' id='word_1_472' title='bbox 1991 2764 2199 2819; x_wconf 74' lang='lat' dir='ltr'>nostris,</span> <span class='ocrx_word' id='word_1_473' title='bbox 2218 2771 2273 2811; x_wconf 90' lang='lat' dir='ltr'>et</span> <span class='ocrx_word' id='word_1_474' title='bbox 2294 2763 2502 2826; x_wconf 83' lang='lat' dir='ltr'>seriptis</span> 
     </span>
     <span class='ocr_line' id='line_1_83' title="bbox 1443 2837 2503 2903; baseline 0.006 -19"><span class='ocrx_word' id='word_1_475' title='bbox 1443 2844 1500 2885; x_wconf 85' lang='lat' dir='ltr'>et</span> <span class='ocrx_word' id='word_1_476' title='bbox 1543 2837 1717 2898; x_wconf 76' lang='lat' dir='ltr'>editis,</span> <span class='ocrx_word' id='word_1_477' title='bbox 1760 2838 1847 2903; x_wconf 92' lang='lat' dir='ltr'>qui</span> <span class='ocrx_word' id='word_1_478' title='bbox 1886 2853 2066 2888; x_wconf 82' lang='lat' dir='ltr'>omnes</span> <span class='ocrx_word' id='word_1_479' title='bbox 2104 2846 2314 2890; x_wconf 56' lang='lat' dir='ltr'>venerab</span> <span class='ocrx_word' id='word_1_480' title='bbox 2379 2840 2503 2890; x_wconf 83' lang='lat' dir='ltr'>Sola</span> 
     </span>
     <span class='ocr_line' id='line_1_84' title="bbox 1443 2913 2501 2980; baseline 0.004 -18"><span class='ocrx_word' id='word_1_481' title='bbox 1443 2913 1527 2962; x_wconf 84' lang='lat' dir='ltr'>ed.</span> <span class='ocrx_word' id='word_1_482' title='bbox 1548 2914 1753 2964; x_wconf 80' lang='lat' dir='ltr'>Sebotti</span> <span class='ocrx_word' id='word_1_483' title='bbox 1776 2934 1791 2977; x_wconf 89' lang='lat'>;</span> <span class='ocrx_word' id='word_1_484' title='bbox 1821 2923 1876 2964; x_wconf 85' lang='lat' dir='ltr'>et</span> <span class='ocrx_word' id='word_1_485' title='bbox 1899 2916 1988 2980; x_wconf 87' lang='lat' dir='ltr'>qui</span> <span class='ocrx_word' id='word_1_486' title='bbox 2003 2915 2116 2978; x_wconf 87' lang='lat' dir='ltr'>ejus</span> <span class='ocrx_word' id='word_1_487' title='bbox 2142 2916 2371 2978; x_wconf 77' lang='lat' dir='ltr'>vestigiis</span> <span class='ocrx_word' id='word_1_488' title='bbox 2395 2927 2501 2966; x_wconf 80' lang='lat' dir='ltr'>tam</span> 
     </span>
     <span class='ocr_line' id='line_1_85' title="bbox 1442 2987 2499 3055; baseline 0.006 -18"><span class='ocrx_word' id='word_1_489' title='bbox 1442 2987 1659 3039; x_wconf 83' lang='lat' dir='ltr'>firmiter</span> <span class='ocrx_word' id='word_1_490' title='bbox 1699 2991 2031 3055; x_wconf 59' lang='lat' dir='ltr'>inhaeserunt,</span> <span class='ocrx_word' id='word_1_491' title='bbox 2086 2997 2144 3041; x_wconf 85' lang='lat' dir='ltr'>ut</span> <span class='ocrx_word' id='word_1_492' title='bbox 2199 2992 2499 3055; x_wconf 76' lang='lat' dir='ltr'>religionem</span> 
     </span>
     <span class='ocr_line' id='line_1_86' title="bbox 1442 3065 2502 3131; baseline 0.006 -18"><span class='ocrx_word' id='word_1_493' title='bbox 1442 3065 1861 3130; x_wconf 81' lang='lat' dir='ltr'>duxissent,ipsa</span> <span class='ocrx_word' id='word_1_494' title='bbox 1882 3068 2037 3116; x_wconf 74' lang='lat' dir='ltr'>etiam</span> <span class='ocrx_word' id='word_1_495' title='bbox 2054 3077 2271 3131; x_wconf 80' lang='lat' dir='ltr'>peecata</span> <span class='ocrx_word' id='word_1_496' title='bbox 2290 3084 2393 3118; x_wconf 87' lang='lat' dir='ltr'>non</span> <span class='ocrx_word' id='word_1_497' title='bbox 2409 3070 2502 3120; x_wconf 82' lang='lat' dir='ltr'>ad·</span> 
     </span>
     <span class='ocr_line' id='line_1_87' title="bbox 1440 3142 2500 3196; baseline 0.003 -5"><span class='ocrx_word' id='word_1_498' title='bbox 1440 3142 1671 3192; x_wconf 80' lang='lat' dir='ltr'>mittere.</span> <span class='ocrx_word' id='word_1_499' title='bbox 1736 3143 1856 3192; x_wconf 85' lang='lat' dir='ltr'>Scio</span> <span class='ocrx_word' id='word_1_500' title='bbox 1879 3142 2018 3192; x_wconf 77' lang='lat' dir='ltr'>‘ire’</span> <span class='ocrx_word' id='word_1_501' title='bbox 2057 3154 2203 3194; x_wconf 82' lang='lat' dir='ltr'>recte</span> <span class='ocrx_word' id='word_1_502' title='bbox 2229 3145 2389 3195; x_wconf 85' lang='lat' dir='ltr'>tribui</span> <span class='ocrx_word' id='word_1_503' title='bbox 2408 3161 2500 3196; x_wconf 85' lang='lat' dir='ltr'>ex-</span> 
     </span>
     <span class='ocr_line' id='line_1_88' title="bbox 1439 3217 2500 3283; baseline 0.004 -15"><span class='ocrx_word' id='word_1_504' title='bbox 1439 3218 1626 3268; x_wconf 69' lang='lat' dir='ltr'>ercitui</span> <span class='ocrx_word' id='word_1_505' title='bbox 1642 3219 1747 3269; x_wconf 80' lang='lat' dir='ltr'>iter</span> <span class='ocrx_word' id='word_1_506' title='bbox 1766 3217 2001 3283; x_wconf 75' lang='lat' dir='ltr'>facienti,</span> <span class='ocrx_word' id='word_1_507' title='bbox 2024 3235 2120 3269; x_wconf 86' lang='lat' dir='ltr'>nee</span> <span class='ocrx_word' id='word_1_508' title='bbox 2135 3222 2304 3271; x_wconf 86' lang='lat' dir='ltr'>minus</span> <span class='ocrx_word' id='word_1_509' title='bbox 2324 3231 2500 3272; x_wconf 80' lang='lat' dir='ltr'>tamen</span> 
     </span>
     <span class='ocr_line' id='line_1_89' title="bbox 1438 3296 2499 3360; baseline 0.005 -16"><span class='ocrx_word' id='word_1_510' title='bbox 1438 3296 1518 3345; x_wconf 84' lang='lat' dir='ltr'>bis</span> <span class='ocrx_word' id='word_1_511' title='bbox 1550 3297 1816 3360; x_wconf 87' lang='lat' dir='ltr'>proprium</span> <span class='ocrx_word' id='word_1_512' title='bbox 1848 3297 2058 3348; x_wconf 76' lang='lat' dir='ltr'>verbum</span> <span class='ocrx_word' id='word_1_513' title='bbox 2083 3297 2329 3349; x_wconf 78' lang='lat' dir='ltr'>‘venire.’</span> <span class='ocrx_word' id='word_1_514' title='bbox 2393 3299 2499 3349; x_wconf 83' lang='lat' dir='ltr'>Sed</span> 
     </span>
     <span class='ocr_line' id='line_1_90' title="bbox 1437 3373 2501 3439; baseline 0.003 -16"><span class='ocrx_word' id='word_1_515' title='bbox 1437 3373 1481 3423; x_wconf 81' lang='lat' dir='ltr'>si</span> <span class='ocrx_word' id='word_1_516' title='bbox 1517 3374 1813 3424; x_wconf 78' lang='lat' dir='ltr'>accuratius</span> <span class='ocrx_word' id='word_1_517' title='bbox 1838 3374 1948 3424; x_wconf 78' lang='lat' dir='ltr'>liaee</span> <span class='ocrx_word' id='word_1_518' title='bbox 1971 3374 2128 3424; x_wconf 80' lang='lat' dir='ltr'>verba</span> <span class='ocrx_word' id='word_1_519' title='bbox 2151 3375 2501 3439; x_wconf 80' lang='lat' dir='ltr'>inspiciamus,</span> 
     </span>
     <span class='ocr_line' id='line_1_91' title="bbox 1437 3447 2500 3514; baseline 0.004 -16"><span class='ocrx_word' id='word_1_520' title='bbox 1437 3447 1595 3499; x_wconf 80' lang='lat' dir='ltr'>facile</span> <span class='ocrx_word' id='word_1_521' title='bbox 1618 3450 1896 3514; x_wconf 76' lang='lat' dir='ltr'>apparebit</span> <span class='ocrx_word' id='word_1_522' title='bbox 1918 3451 2120 3502; x_wconf 80' lang='lat' dir='ltr'>diversa</span> <span class='ocrx_word' id='word_1_523' title='bbox 2154 3453 2363 3501; x_wconf 80' lang='lat' dir='ltr'>notione</span> <span class='ocrx_word' id='word_1_524' title='bbox 2384 3466 2500 3502; x_wconf 84' lang='lat' dir='ltr'>esse</span> 
     </span>
     <span class='ocr_line' id='line_1_92' title="bbox 1439 3524 2499 3592; baseline 0.005 -18"><span class='ocrx_word' id='word_1_525' title='bbox 1439 3524 1751 3577; x_wconf 79' lang='lat' dir='ltr'>adhibenda.</span> <span class='ocrx_word' id='word_1_526' title='bbox 1814 3527 1918 3578; x_wconf 74' lang='lat' dir='ltr'>‘lt’</span> <span class='ocrx_word' id='word_1_527' title='bbox 1946 3529 2081 3577; x_wconf 87' lang='lat' dir='ltr'>enim</span> <span class='ocrx_word' id='word_1_528' title='bbox 2121 3543 2324 3592; x_wconf 78' lang='lat' dir='ltr'>agmen,</span> <span class='ocrx_word' id='word_1_529' title='bbox 2353 3530 2397 3578; x_wconf 87' lang='lat' dir='ltr'>si</span> <span class='ocrx_word' id='word_1_530' title='bbox 2430 3530 2499 3579; x_wconf 84' lang='lat' dir='ltr'>ad</span> 
     </span>
     <span class='ocr_line' id='line_1_93' title="bbox 1439 3602 2500 3666; baseline 0.006 -16"><span class='ocrx_word' id='word_1_531' title='bbox 1439 3602 1609 3651; x_wconf 84' lang='lat' dir='ltr'>locum</span> <span class='ocrx_word' id='word_1_532' title='bbox 1644 3603 1866 3666; x_wconf 83' lang='lat' dir='ltr'>aliquem</span> <span class='ocrx_word' id='word_1_533' title='bbox 1901 3604 2211 3666; x_wconf 78' lang='lat' dir='ltr'>contendit3</span> <span class='ocrx_word' id='word_1_534' title='bbox 2247 3606 2459 3656; x_wconf 85' lang='lat' dir='ltr'>‘venire</span> <span class='ocrx_word' id='word_1_535' title='bbox 2483 3605 2500 3628; x_wconf 79' lang='lat'><strong><em>⁹</em></strong></span> 
     </span>
     <span class='ocr_line' id='line_1_94' title="bbox 1437 3677 2499 3734; baseline 0.005 -8"><span class='ocrx_word' id='word_1_536' title='bbox 1437 3683 1550 3726; x_wconf 78' lang='lat' dir='ltr'>tum</span> <span class='ocrx_word' id='word_1_537' title='bbox 1585 3677 1794 3734; x_wconf 82' lang='lat' dir='ltr'>dieitur,</span> <span class='ocrx_word' id='word_1_538' title='bbox 1822 3679 1867 3727; x_wconf 87' lang='lat' dir='ltr'>si</span> <span class='ocrx_word' id='word_1_539' title='bbox 1891 3693 1955 3727; x_wconf 80' lang='lat' dir='ltr'>ex</span> <span class='ocrx_word' id='word_1_540' title='bbox 1981 3679 2070 3728; x_wconf 92' lang='lat' dir='ltr'>illo</span> <span class='ocrx_word' id='word_1_541' title='bbox 2094 3680 2208 3729; x_wconf 84' lang='lat' dir='ltr'>loco</span> <span class='ocrx_word' id='word_1_542' title='bbox 2244 3696 2391 3730; x_wconf 82' lang='lat' dir='ltr'>verso</span> <span class='ocrx_word' id='word_1_543' title='bbox 2413 3682 2499 3731; x_wconf 74' lang='lat' dir='ltr'>iti·</span> 
     </span>
     <span class='ocr_line' id='line_1_95' title="bbox 1437 3755 2498 3821; baseline 0.006 -18"><span class='ocrx_word' id='word_1_544' title='bbox 1437 3768 1563 3803; x_wconf 89' lang='lat' dir='ltr'>nere</span> <span class='ocrx_word' id='word_1_545' title='bbox 1598 3769 1775 3804; x_wconf 84' lang='lat' dir='ltr'>rursus</span> <span class='ocrx_word' id='word_1_546' title='bbox 1804 3755 1869 3804; x_wconf 87' lang='lat' dir='ltr'>ad</span> <span class='ocrx_word' id='word_1_547' title='bbox 1896 3756 2120 3819; x_wconf 80' lang='lat' dir='ltr'>priorem</span> <span class='ocrx_word' id='word_1_548' title='bbox 2147 3757 2304 3821; x_wconf 84' lang='lat' dir='ltr'>redit,</span> <span class='ocrx_word' id='word_1_549' title='bbox 2339 3758 2498 3809; x_wconf 78' lang='lat' dir='ltr'>adeo-</span> 
     </span>
     <span class='ocr_line' id='line_1_96' title="bbox 1440 3828 2498 3896; baseline 0.007 -19"><span class='ocrx_word' id='word_1_550' title='bbox 1440 3845 1540 3894; x_wconf 89' lang='lat' dir='ltr'>que</span> <span class='ocrx_word' id='word_1_551' title='bbox 1562 3831 1672 3879; x_wconf 78' lang='lat' dir='ltr'>boee</span> <span class='ocrx_word' id='word_1_552' title='bbox 1697 3846 1797 3879; x_wconf 85' lang='lat' dir='ltr'>vox</span> <span class='ocrx_word' id='word_1_553' title='bbox 1822 3828 2112 3880; x_wconf 82' lang='lat' dir='ltr'>adhibenda</span> <span class='ocrx_word' id='word_1_554' title='bbox 2139 3841 2218 3881; x_wconf 82' lang='lat' dir='ltr'>est</span> <span class='ocrx_word' id='word_1_555' title='bbox 2253 3841 2498 3896; x_wconf 81' lang='lat' dir='ltr'>respectu</span> 
     </span>
     <span class='ocr_line' id='line_1_97' title="bbox 1438 3906 2496 3972; baseline 0.007 -19"><span class='ocrx_word' id='word_1_556' title='bbox 1438 3906 1693 3969; x_wconf 78' lang='lat' dir='ltr'>praeteriti</span> <span class='ocrx_word' id='word_1_557' title='bbox 1739 3908 2003 3968; x_wconf 84' lang='lat' dir='ltr'>temporis.</span> <span class='ocrx_word' id='word_1_558' title='bbox 2091 3908 2358 3972; x_wconf 76' lang='lat' dir='ltr'>Exemplis</span> <span class='ocrx_word' id='word_1_559' title='bbox 2413 3923 2496 3961; x_wconf 85' lang='lat' dir='ltr'>res</span> 
     </span>
     <span class='ocr_line' id='line_1_98' title="bbox 1436 3981 2493 4050; baseline 0.005 -19"><span class='ocrx_word' id='word_1_560' title='bbox 1436 3981 1533 4033; x_wconf 84' lang='lat' dir='ltr'>fiet</span> <span class='ocrx_word' id='word_1_561' title='bbox 1559 3983 1765 4032; x_wconf 80' lang='lat' dir='ltr'>clarior.</span> <span class='ocrx_word' id='word_1_562' title='bbox 1813 3983 1987 4033; x_wconf 80' lang='lat' dir='ltr'>Caesar</span> <span class='ocrx_word' id='word_1_563' title='bbox 2008 3985 2142 4034; x_wconf 89' lang='lat' dir='ltr'>Bell.</span> <span class='ocrx_word' id='word_1_564' title='bbox 2170 3985 2310 4035; x_wconf 83' lang='lat' dir='ltr'>Gall.</span> <span class='ocrx_word' id='word_1_565' title='bbox 2328 3999 2369 4034; x_wconf 86' lang='lat'>1.</span> <span class='ocrx_word' id='word_1_566' title='bbox 2392 3990 2442 4036; x_wconf 85' lang='lat'>6.</span> <span class='ocrx_word' id='word_1_567' title='bbox 2464 3987 2493 4050; x_wconf 86' lang='lat'>§</span> 
     </span>
     <span class='ocr_line' id='line_1_99' title="bbox 1435 4060 2496 4123; baseline 0.003 -15"><span class='ocrx_word' id='word_1_568' title='bbox 1435 4061 1487 4108; x_wconf 75' lang='lat'>8.</span> <span class='ocrx_word' id='word_1_569' title='bbox 1514 4061 1531 4087; x_wconf 90' lang='grc'><strong>4</strong></span> <span class='ocrx_word' id='word_1_570' title='bbox 1546 4060 1646 4108; x_wconf 89' lang='lat' dir='ltr'>Vel</span> <span class='ocrx_word' id='word_1_571' title='bbox 1669 4060 1718 4108; x_wconf 81' lang='lat' dir='ltr'>vi</span> <span class='ocrx_word' id='word_1_572' title='bbox 1743 4066 2033 4118; x_wconf 79' lang='lat' dir='ltr'>coacturos,</span> <span class='ocrx_word' id='word_1_573' title='bbox 2055 4062 2100 4110; x_wconf 87' lang='lat' dir='ltr'>si</span> <span class='ocrx_word' id='word_1_574' title='bbox 2124 4075 2217 4123; x_wconf 90' lang='lat' dir='ltr'>per</span> <span class='ocrx_word' id='word_1_575' title='bbox 2234 4075 2351 4110; x_wconf 81' lang='lat' dir='ltr'>snos</span> <span class='ocrx_word' id='word_1_576' title='bbox 2365 4061 2496 4112; x_wconf 84' lang='lat' dir='ltr'>fines</span> 
     </span>
     <span class='ocr_line' id='line_1_100' title="bbox 1437 4136 2495 4204; baseline 0.007 -21"><span class='ocrx_word' id='word_1_577' title='bbox 1437 4150 1528 4184; x_wconf 87' lang='lat' dir='ltr'>eos</span> <span class='ocrx_word' id='word_1_578' title='bbox 1549 4136 1626 4184; x_wconf 85' lang='lat' dir='ltr'>ire</span> <span class='ocrx_word' id='word_1_579' title='bbox 1657 4136 2002 4199; x_wconf 64' lang='lat' dir='ltr'>paterentur!</span> <span class='ocrx_word' id='word_1_580' title='bbox 2069 4146 2127 4187; x_wconf 87' lang='lat' dir='ltr'>et</span> <span class='ocrx_word' id='word_1_581' title='bbox 2157 4151 2274 4200; x_wconf 85' lang='lat' dir='ltr'>cap.</span> <span class='ocrx_word' id='word_1_582' title='bbox 2298 4141 2419 4204; x_wconf 78' lang='lat' dir='ltr'>lo.§</span> <span class='ocrx_word' id='word_1_583' title='bbox 2442 4143 2495 4192; x_wconf 75' lang='lat'>8.</span> 
     </span>
     <span class='ocr_line' id='line_1_101' title="bbox 1436 4212 2496 4278; baseline 0.004 -17"><span class='ocrx_word' id='word_1_584' title='bbox 1436 4212 1454 4242; x_wconf 94' lang='grc'><strong>4</strong></span> <span class='ocrx_word' id='word_1_585' title='bbox 1472 4212 1603 4261; x_wconf 83' lang='lat' dir='ltr'>Cum</span> <span class='ocrx_word' id='word_1_586' title='bbox 1625 4212 1706 4261; x_wconf 82' lang='lat' dir='ltr'>bis</span> <span class='ocrx_word' id='word_1_587' title='bbox 1719 4212 1948 4278; x_wconf 82' lang='lat' dir='ltr'>quinque</span> <span class='ocrx_word' id='word_1_588' title='bbox 1964 4213 2250 4277; x_wconf 76' lang='lat' dir='ltr'>legionibus</span> <span class='ocrx_word' id='word_1_589' title='bbox 2272 4214 2350 4263; x_wconf 87' lang='lat' dir='ltr'>ire</span> <span class='ocrx_word' id='word_1_590' title='bbox 2372 4229 2496 4265; x_wconf 83' lang='lat' dir='ltr'>eon-</span> 
     </span>
     <span class='ocr_line' id='line_1_102' title="bbox 1440 4287 2495 4357; baseline 0.003 -18"><span class='ocrx_word' id='word_1_591' title='bbox 1440 4287 1648 4341; x_wconf 78' lang='lat' dir='ltr'>tendit.’</span> <span class='ocrx_word' id='word_1_592' title='bbox 1698 4302 1754 4339; x_wconf 83' lang='lat' dir='ltr'>v.</span> <span class='ocrx_word' id='word_1_593' title='bbox 1787 4292 1867 4340; x_wconf 83' lang='grc'>18.</span> <span class='ocrx_word' id='word_1_594' title='bbox 1888 4289 1917 4353; x_wconf 79' lang='lat'>§</span> <span class='ocrx_word' id='word_1_595' title='bbox 1938 4291 1990 4343; x_wconf 78' lang='lat'>5.</span> <span class='ocrx_word' id='word_1_596' title='bbox 2017 4290 2126 4340; x_wconf 82' lang='lat' dir='ltr'>‘Eo</span> <span class='ocrx_word' id='word_1_597' title='bbox 2148 4290 2332 4357; x_wconf 82' lang='lat' dir='ltr'>inpetu</span> <span class='ocrx_word' id='word_1_598' title='bbox 2362 4290 2495 4343; x_wconf 85' lang='lat' dir='ltr'>mili·</span> 
     </span>
    </p>
   </div>
  </div>
 </body>
</html>
