3025 4934
718 403 1007 453 Auum..
1038 402 1263 454 victu·
1290 404 1705 465 ΕΡΙΤΟΜΕΝ,
1754 409 1919 460 ΟΑΡ.
1970 407 2100 459 Χῐι.

272 552 390 597 ext.
408 551 460 597 2.
497 546 714 598 Curtius
734 560 790 598 v.
811 550 864 598 6.
885 550 912 613 ς
935 550 988 598 7.
1007 553 1024 578 ‘
1044 547 1205 599 Multi
1227 559 1354 614 ergo

272 625 501 675 bostium
544 638 723 674 manus
747 625 1038 675 voluntarie
1077 633 1353 677 morteoc·

270 698 647 765 cupsverunt!
678 701 955 752 Suetonius
979 701 1218 765 Caligula
1235 717 1354 768 cap.

270 782 364 831 26.
421 785 437 808 ‘
463 778 673 829 Paucos
730 788 850 843 post
899 778 1011 829 dies
1060 782 1355 832 voluntaria

273 865 455 906 morte
479 857 696 920 periisse
731 857 978 907 mentitus
996 856 1031 907 :'
1061 859 1112 906 in
1138 858 1353 909 Nerone

270 946 333 983 c.
358 936 442 981 34.
465 935 559 997 98.
575 941 631 982 et
655 922 827 982 G'nlbs
849 948 896 983 c.
916 937 966 982 3.
988 934 1016 997 §
1043 937 1123 984 11.
1158 935 1354 986 Quinc-

274 1012 361 1061 til.
388 1024 467 1063 ιιι.
502 1016 554 1062 2.
589 1027 641 1075 p.
664 1016 780 1063 792.
813 1012 830 1042 ‘
854 1012 1020 1062 Obliti
1061 1019 1141 1063 tot
1178 1027 1352 1063 exem·

276 1089 490 1152 plorum
530 1089 672 1139 circe
715 1090 1063 1156 voluptariam
1103 1086 1357 1141 mortem.⁹

272 1165 482 1217 Justin.
506 1178 585 1216 tv,
601 1172 652 1216 6.
674 1169 703 1232 ξ
722 1172 801 1217 10.
834 1167 905 1217 Ἀ
919 1168 1227 1233 captivitate
1245 1170 1354 1231 gls-

274 1241 372 1291 dio
396 1248 454 1291 et
477 1242 764 1293 voluntaris
799 1251 966 1296 morte
1002 1262 1059 1295 se
1094 1245 1358 1296 vindicat?

277 1319 462 1368 Amm.
483 1320 826 1370 Marcellinus
860 1335 983 1373 xiv.
1004 1327 1052 1372 8.
1088 1321 1353 1388 ‘Ideoque

272 1395 469 1446 hausto
492 1411 692 1448 veneno
709 1400 1004 1449 voluntaris
1026 1407 1190 1450 morte
1212 1400 1351 1450 dele·

277 1471 378 1522 to)
444 1474 524 1523 De
560 1489 697 1524 anno
731 1491 854 1525 vero
877 1482 932 1527 et
955 1491 1149 1539 genere
1172 1476 1353 1527 mortis

275 1550 602 1601 dissentiunt
644 1542 912 1613 historici3
947 1553 1066 1602 vide
1099 1554 1354 1617 Scsliger.

274 1626 351 1678 nd
379 1628 592 1677 Eusebii
618 1629 804 1679 chron.
832 1643 885 1693 p.
903 1633 1021 1679 249.
1045 1637 1102 1679 et
1118 1644 1235 1693 quoe
1263 1628 1351 1679 sd-

274 1712 473 1753 notate
493 1715 613 1754 sunt
631 1705 696 1755 nd
718 1713 984 1756 auctorem
999 1705 1065 1755 de
1092 1705 1352 1757 Mortibus

277 1779 691 1832 Persecutorum
715 1798 765 1831 c.
782 1786 868 1833 42.
904 1784 1074 1832 Arutz.

350 1859 489 1909 Cu».
532 1874 622 1911 xl..
676 1863 704 1925 §
755 1866 782 1912 1
838 1862 1024 1912 Itinere
1080 1861 1351 1927 Lwicono]

278 1936 460 1987 Quam
502 1942 559 1986 et
597 1951 693 2001 per
724 1938 755 1986 1»
799 1938 932 1987 viam
966 1937 1317 1987 ‘Labicanum
1339 1934 1354 1958 ’

274 2014 604 2075 appellatam
639 2015 889 2078 reperies.
932 2014 1093 2064 Via-et.

347 2088 432 2139 Aa
449 2096 547 2140 tres
562 2090 806 2155 tabernas]
829 2091 990 2156 [vide
1008 2092 1180 2141 Lectt.
1198 2089 1352 2156 Van]

274 2165 467 2217 Romae
488 2168 539 2216 in
564 2175 715 2217 sexte
736 2170 950 2232 regione
978 2183 1009 2217 a
1025 2168 1090 2217 P.
1109 2168 1353 2218 Vict..‘x.

274 2242 550 2293 tabernae’
589 2245 931 2295 collocantur.
974 2245 1140 2294 ‘Tres
1179 2244 1354 2295 taber-

275 2335 368 2371 nae
392 2320 405 2341 '
438 2337 470 2371 a
488 2322 608 2371 Sex.
642 2320 780 2372 Rufo
801 2324 856 2372 in
881 2322 1098 2385 regione
1122 2322 1355 2387 Exquili-

283 2413 353 2447 na
380 2412 500 2447 cum
525 2399 750 2461 collegio
774 2399 1041 2462 viminali,
1063 2405 1118 2447 et
1144 2401 1161 2426 ⁸
1182 2411 1241 2450 x.
1279 2406 1356 2449 tu-

278 2472 502 2537 bernae,’
518 2463 794 2539 in'regione
804 2474 929 2525 Alta
944 2476 1128 2525 semita
1142 2475 1194 2524 in
1209 2476 1356 2526 libel·

281 2552 348 2601 lis
374 2551 440 2617 de
477 2553 772 2620 regionibus
807 2553 950 2604 urbis
987 2553 1199 2602 Romae:
1236 2567 1358 2604 mox

277 2643 347 2678 ex
384 2629 496 2678 urbe
531 2629 688 2680 iidem
729 2630 914 2695 scripti
946 2628 1082 2679 libri.
1115 2629 1358 2682 Sensim.

284 2706 627 2756 Verissimum
664 2708 942 2757 lectionem
979 2708 1174 2770 optime
1210 2721 1356 2757 revo-

281 2784 430 2833 cavit
454 2783 614 2834 dubio
631 2786 813 2847 procul
833 2785 909 2833 vir
923 2786 1185 2848 egregius,
1205 2799 1357 2849 quam

281 2868 460 2909 tumen
490 2871 838 2923 corruperant
862 2874 1042 2909 omnes
1070 2861 1219 2910 editi.
1288 2862 1361 2911 Et

277 2944 440 2986 extra
480 2936 656 2995 urbem
692 2936 925 3000 ejusdem
960 2935 1174 2985 fuerunt
1197 2937 1356 2986 nomi·

280 3015 368 3063 nis
392 3014 524 3069 loca,
541 3012 608 3062 de
629 3015 816 3078 quibus
842 3012 1126 3063 Lindenbr.
1145 3014 1208 3062 ed
1231 3013 1354 3062 Am·

280 3093 443 3141 mian.
467 3104 593 3141 xvi.
616 3096 695 3141 11.
717 3100 772 3141 et
795 3092 1056 3143 Corradus
1087 3093 1151 3141 ud
1177 3093 1352 3143 Cicer.

279 3168 350 3217 ad
382 3168 614 3217 Atticum
639 3168 809 3232 Epist.
847 3183 912 3220 ιι.
946 3173 1026 3218 10.
1094 3169 1224 3220 Qum
1249 3181 1354 3218 non

280 3255 433 3295 recte
472 3246 773 3295 distinxisse
805 3246 1010 3296 videtur
1031 3246 1113 3297 vir
1134 3260 1352 3309 magnus

278 3322 352 3370 ad
379 3322 567 3372 Euseb.
589 3322 785 3373 Cliton.
809 3337 861 3387 p.
877 3326 995 3373 247.
1017 3322 1154 3387 qnod
1176 3330 1351 3373 tamen

276 3397 401 3446 fieri
422 3397 616 3447 debere
639 3398 852 3462 adjecta
871 3414 968 3449 vox
985 3399 1155 3449 Romo.
1167 3398 1351 3450 susde-

275 3474 394 3524 bnt.
461 3475 542 3523 De
567 3476 731 3525 tribus
759 3477 934 3526 Romae
956 3475 1216 3526 Tabernis
1239 3478 1352 3541 agit

277 3550 510 3609 Argolus
536 3551 601 3600 sd
624 3553 847 3601 Panviu.
861 3554 926 3601 de
941 3553 1100 3603 Ludis
1116 3554 1351 3604 Circens.

279 3640 323 3676 1.
367 3631 417 3675 5.
474 3629 733 3692 Deinceps
767 3645 830 3678 ex
857 3629 972 3679 urbe
1000 3645 1118 3680 cum
1146 3632 1352 3681 Scliotti

277 3705 438 3755 libris
459 3705 640 3756 Guelf.
663 3713 721 3755 et
743 3706 894 3756 Leid.
918 3708 1092 3768 ambo,
1123 3716 1183 3755 ut
1204 3717 1354 3757 recte

281 3782 506 3846 monuit,
527 3784 614 3847 qui
652 3791 925 3846 utrumque
955 3785 1097 3833 illum
1120 3784 1352 3835 codicem

277 3860 337 3910 in
377 3860 481 3908 mei
519 3861 739 3922 gratiam
775 3860 1017 3922 contulit,
1038 3858 1205 3911 frater
1227 3876 1351 3911 con-

269 3936 636 4000 junctissimus
675 3937 810 3987 Otto
855 3937 1173 3987 Arntzenins
1213 3938 1354 3988 Diss.

280 4012 354 4060 de
410 4011 659 4062 Miliiario
700 4012 879 4062 Aureo
924 4021 1058 4064 sect.
1105 4027 1193 4063 111.
1227 4016 1255 4078 §
1299 4018 1351 4065 4.

282 4088 728 4150 Praepositiouem
764 4106 828 4138 ex
864 4104 1045 4152 posses
1081 4104 1352 4155 exponere

284 4179 386 4229 per
406 4163 467 4213 ab
483 4179 502 4222 ,-
535 4166 612 4214 uti
636 4165 814 4216 Caesar
843 4168 979 4217 Bell.
1004 4167 1119 4217 Civ.
1156 4182 1196 4216 1.
1222 4171 1300 4217 14.
1324 4169 1351 4232 §

282 4244 337 4289 3.
371 4241 387 4267 ‘
417 4240 516 4287 Cn.
559 4241 836 4305 Pompeius
878 4244 1050 4306 pridie
1097 4260 1163 4293 ex
1206 4244 1352 4294 Urbe

283 4315 561 4381 profectus
601 4317 702 4366 iter
732 4319 798 4368 ad
840 4320 1071 4382 legiones
1094 4318 1355 4371 babebat!

416 4398 598 4463 Delple.
621 4404 667 4448 et
698 4400 811 4450 Vnr.
836 4402 965 4453 Clas.

1256 4401 1428 4453 Aurei.
1460 4402 1586 4453 Vici.

2359 392 2492 466 833

1426 550 1559 601 Cum
1606 556 1783 601 temen
1807 552 2091 617 Pompeius
2133 566 2251 608 cum
2289 543 2496 619 inperio

1423 641 1528 678 non
1552 628 1603 677 in
1628 628 1799 692 Urbe,
1835 630 1926 679 sed
1951 631 2017 680 sd
2043 630 2242 681 Urbem
2264 645 2491 682 morare-

1427 711 1536 767 tur,
1554 705 1693 754 unde
1716 705 1908 764 eodem
1935 706 2022 757 lib.
2054 721 2105 757 c.
2133 711 2218 757 33.
2239 709 2268 772 ξ
2287 711 2338 758 2.
2362 707 2496 757 dici·

1425 789 1536 843 tur,
1570 783 1587 813 ‘
1605 782 1887 848 Pompeius
1909 782 2183 852 discedens
2219 785 2287 835 nb
2308 782 2498 836 Urbe.'

1427 860 1601 909 Aliam
1644 861 1920 910 lectionem
1964 868 2331 926 expresserunt
2369 869 2496 912 ante

1425 950 1520 986 nos
1543 950 1738 1000 omnes,
1757 944 1812 987 et
1835 952 1901 987 ea
1919 944 2002 989 est
2021 938 2159 1003 apud
2174 939 2287 989 Liv.
2304 951 2499 990 xxvn.

1428 1016 1508 1063 87.
1543 1013 1814 1077 ‘Utraque
1856 1014 2385 1080 decimum'lapidem
2427 1016 2496 1064 ab

1427 1085 1616 1138 Urbe.’
1679 1089 1913 1138 Martini.
1938 1089 2123 1154 Epigr.
2151 1105 2190 1139 ι.
2222 1094 2301 1142 13.
2337 1098 2352 1120 ‘
2376 1090 2496 1155 Sig-

1427 1173 1523 1215 nat
1570 1164 1735 1214 vicina
1775 1172 1991 1230 quartus
2034 1167 2101 1216 sb
2140 1166 2287 1217 Urbe
2324 1166 2498 1231 lupis?

1427 1242 1647 1306 Eutrop.
1672 1255 1709 1290 ι.
1730 1247 1780 1291 8.
1815 1242 1830 1270 ‘
1851 1242 2059 1296 Octsvo
2079 1241 2287 1292 decimo
2309 1244 2495 1293 millia·

1429 1318 1506 1366 rio
1530 1318 1595 1367 ab
1618 1318 1763 1367 Urbe
1787 1317 2045 1382 positam?
2109 1320 2180 1369 Et
2203 1320 2340 1385 apud
2366 1321 2500 1369 mul-

1428 1402 1512 1445 tos
1530 1395 1659 1444 alios
1680 1393 2117 1459 frequentissima,
2145 1411 2261 1461 qnae
2284 1412 2367 1447 res
2390 1395 2494 1446 sor·
2552 1448 2565 1470 Ι

1431 1478 1570 1522 tasse
1611 1473 1775 1522 errori
1811 1472 1958 1522 dedit
2001 1488 2257 1525 causssm.
2323 1475 2497 1537 Supra
2551 1477 2552 1484 ’

1428 1548 1635 1599 Severus
1652 1550 1815 1598 Coesar
1835 1549 1913 1613 nb,
1934 1552 2015 1613 ξε.
2035 1549 2300 1600 interserit
2314 1549 2498 1602 Guelf.

1424 1626 1602 1677 ,Δί-ται.

1448 1741 1453 1748 .
1484 1703 1566 1766 §5
1601 1702 1776 1753 Poenas
1811 1702 1929 1766 luit]
1964 1701 2136 1753 Iidem
2180 1701 2364 1766 scripti
2387 1702 2509 1754 libri

1422 1793 1587 1842 poenns
1616 1781 1769 1837 dedit.
1800 1781 2063 1831 schottus.
2133 1779 2296 1844 [Vide
2318 1783 2498 1833 Lectt.

1427 1856 1583 1921 Van]
1631 1857 1880 1920 Virgilius
1924 1856 2128 1921 Goon-g.
2165 1858 2254 1909 lib.
2293 1872 2332 1908 ι.
2378 1863 2498 1909 405.

1428 1932 1588 1983 Ovid.
1628 1934 1801 1999 Epist.
1838 1934 1970 1983 Her.
2011 1947 2139 1984 xxi.
2175 1938 2259 1984 82.
2302 1942 2318 1964 ‘
2343 1935 2501 1985 Com-

1426 2011 1615 2060 mentis
1652 2025 1831 2076 poenas
1873 2012 2046 2075 doque
2088 2012 2316 2077 dedique
2361 2010 2505 2063 tuis?

1428 2089 1630 2140 Plinius
1671 2090 1840 2153 Epist.
1882 2102 1920 2138 1.
1961 2093 2040 2138 15.
2073 2088 2275 2137 ‘Dabis
2304 2102 2504 2154 poenus,

1427 2179 1533 2215 nou
1577 2164 1692 2215 dico
1728 2164 1892 2229 quas?
1957 2165 2204 2216 Juvenal.
2247 2165 2361 2216 Sat.
2412 2179 2505 2215 ιιι.

1426 2244 1545 2292 278.
1579 2242 1801 2292 ‘Ebrius
1824 2257 1887 2292 ac
1911 2242 2171 2306 petulans,
2194 2240 2284 2307 qui
2305 2242 2500 2291 nullum

1429 2313 1567 2370 forte
1612 2319 1825 2375 cecidit,
1869 2321 1980 2369 Dat
2011 2318 2240 2382 ‘poenasl
2300 2318 2498 2370 Justin.

1430 2410 1634 2448 xxxv1.
1659 2398 1759 2461 4.§
1787 2400 1837 2446 8.
1868 2397 1884 2425 ‘
1908 2395 2094 2445 Victus
2118 2410 2297 2459 poenas
2323 2395 2506 2445 incon-

1429 2475 1584 2524 sultae
1608 2474 1838 2524 avaritiae
1861 2474 2112 2537 sanguine
2135 2472 2318 2522 dedit!
2373 2474 2501 2524 Mit-

1431 2558 1488 2602 to
1511 2553 1632 2615 alia,
1655 2566 1772 2616 quae
1807 2558 1864 2601 et
1886 2548 2025 2613 apud
2054 2563 2170 2597 eum
2194 2556 2502 2612 ceterosque

1428 2628 1587 2693 longo
1622 2629 1805 2679 ordine
1843 2628 1957 2677 locs
1980 2626 2238 2675 recenseri
2264 2633 2508 2690 possent.

1432 2721 1604 2772 neque
1661 2707 1798 2756 enim
1855 2703 2120 2754 sordidam
2176 2703 2504 2770 diligentiam

1428 2784 1597 2838 lector
1618 2783 1962 2834 desiderabit.
1993 2781 2173 2832 Arntz.

1499 2864 1583 2925 §⁷
1616 2860 1829 2923 Mulvio]
1863 2862 2002 2909 Pons
2045 2859 2261 2908 Molvius
2295 2858 2347 2908 in
2382 2873 2503 2908 nos-

1432 2939 1527 2987 tris
1555 2938 1684 2987 Mss.
1723 2939 1775 2986 in
1812 2936 2044 2986 Sallustii
2079 2936 2298 3000 aliisque
2328 2939 2345 2964 ⁴
2365 2936 2505 2984 Mul·

1429 3014 1543 3063 vius
1564 3013 1598 3062 ε’
1632 3021 1686 3063 et
1709 3012 1956 3074 egreditur
1980 3012 2136 3060 iidem
2172 3012 2326 3074 vulgo
2347 3025 2362 3071 ;
2386 3026 2497 3059 con-

1425 3090 1665 3153 greditur.
1698 3090 1963 3139 Schottus.
2032 3086 2167 3137 Vide
2191 3101 2307 3150 quae
2340 3101 2498 3150 supra

1427 3168 1729 3231 scripsimus
1754 3166 1818 3213 ad
1846 3166 1960 3214 Vir.
1985 3165 2072 3215 Ill.
2089 3179 2137 3213 c.
2158 3168 2241 3214 72.
2275 3163 2450 3214 Arutz.

1492 3247 1576 3310 §8
1613 3242 1933 3305 Maximinus]
1972 3243 2049 3291 Aa
2087 3241 2287 3290 Tarsum
2326 3248 2410 3290 est
2445 3240 2499 3288 in

1428 3323 1747 3375 cochuelf.
1772 3331 1828 3373 ut
1851 3323 2075 3373 diximus
2113 3322 2178 3371 ed
2203 3323 2315 3371 Vir.
2348 3320 2430 3371 Ill.
2452 3336 2502 3371 c.

1426 3407 1511 3453 60.
1577 3402 1731 3453 Adde
1770 3409 1951 3451 notata
1986 3400 2050 3450 sd
2088 3401 2310 3449 eundem
2349 3399 2499 3449 libel·

1427 3480 1533 3530 lum
1569 3495 1617 3529 c.
1658 3484 1742 3530 72.
1785 3481 1814 3544 §
1850 3483 1931 3529 11.
1985 3479 2169 3528 Wasse
2193 3477 2257 3526 ad
2283 3477 2503 3527 Sallust.

1428 3556 1587 3606 Catil.
1622 3570 1671 3605 c.
1693 3559 1777 3605 81.
1816 3564 1873 3603 et
1908 3569 2147 3618 magnum
2176 3555 2406 3604 Gronov.
2430 3553 2498 3603 ad

1429 3632 1544 3682 Liv.
1588 3645 1689 3681 vu.
1731 3635 1781 3681 7.
1859 3632 2005 3693 Apud
2052 3630 2251 3678 Tarsum
2293 3644 2498 3694 expono

1429 3723 1526 3773 per
1558 3707 1778 3764 ‘Tursi‚’
1802 3723 1955 3771 quatu
1973 3708 2216 3772 loquendi
2243 3708 2498 3757 rationem

1428 3800 1531 3836 non
1568 3785 1954 3850 infrequentem
1991 3799 2103 3833 esse
2143 3783 2295 3848 liujus
2325 3785 2500 3832 aetntls

1429 3863 1770 3927 scriptoribus
1801 3862 1914 3924 jam
1950 3863 2126 3912 docuit
2150 3861 2391 3909 Vorstius
2431 3859 2499 3908 ad

1431 3940 1576 4001 Sulp.
1624 3940 1873 3989 Severum
1922 3937 2064 3987 Hist.
2116 3936 2261 3985 Sacr.
2308 3948 2373 3985 ιι.
2417 3939 2498 3983 ll.

1431 4015 1569 4067 Quid
1595 4017 1667 4065 sit
1689 4021 1838 4064 morte
1858 4013 2062 4076 simplici
2091 4012 2258 4076 periit,
2278 4011 2500 4073 exponit

1432 4094 1671 4154 cuperus
1706 4092 1773 4140 ael
1807 4090 2047 4139 Lactant.
2084 4089 2245 4137 Mort.
2280 4088 2498 4140 Persec-

1430 4181 1476 4217 ο.
1502 4170 1585 4216 49.
1622 4169 1795 4216 Arme.

1495 4244 1523 4306 ς
1552 4247 1611 4292 13
1646 4242 1952 4306 Suppositum
1983 4240 2156 4300 serunt
2187 4245 2295 4290 arte
2331 4242 2499 4290 mulie·

1430 4318 1525 4377 bri,
1570 4324 1728 4370 tenere
1769 4318 1936 4369 ’auriti
1974 4318 2184 4367 animum
2233 4318 2497 4368 laborantis

2246 4399 2360 4450 3G
