3025 4934
888 411 1116 462 snx'ri
1166 412 1494 464 Annam
1547 412 1919 462 vlcroms.
2370 398 2518 465 869

374 562 535 620 1676
579 553 853 635 Lugduni
884 555 1028 618 Bat.
1066 563 1127 618 8.
1170 555 1239 617 S.
1267 556 1421 617 Aur.
1452 555 1720 620 Victoris
1776 555 2064 617 Historiae
2113 553 2299 615 Rom.
2350 555 2502 616 Bre-

286 654 569 727 viariam,
588 673 728 714 cum
755 652 909 714 notis
928 674 1080 714 varr-
1104 654 1267 735 apud
1295 638 1742 715 G'aesbeeckioe.
2321 682 2326 688 ·

374 758 530 815 1671
580 750 856 830 Lugduni
902 752 1047 811 Bat.
1093 760 1152 812 8.
1198 752 1368 814 Sext.
1407 752 1564 815 Aur.
1609 751 1828 815 Victor
1853 772 1989 812 cum
2032 752 2299 828 iconibus
2332 751 2392 810 in
2422 769 2506 810 aes

283 849 492 910 incisis
538 858 604 910 et
653 850 810 909 notis
860 850 1181 921 variorum,
1227 849 1535 914 Dominici
1587 850 1937 921 Machanei,
1993 849 2190 910 Andr.
2242 847 2508 917 Schotti‚

292 946 398 1008 El.
425 945 662 1018 Vineti,
688 945 832 1007 Jani
860 944 1127 1018 Gruteri,
1154 951 1270 1010 διο.

390 1191 639 1254 AETAS
686 1193 812 1254 IV.
884 1192 1178 1254 ANNAE
1222 1191 2114 1255 FABRI-PITISCIANA
2158 1196 2399 1252 1681-

457 1297 884 1355 1696-1729,
914 1291 1049 1352 inde
1089 1286 2343 1354 ARNTZENlo-GRUTERIANA.

376 1445 611 1508 Schotti
639 1447 951 1509 Victorem
978 1448 1133 1508 notis
1149 1456 1301 1509 varr.
1324 1454 1502 1508 1681.
1523 1466 1561 1507 a
1579 1447 1812 1525 Tanaq.
1838 1444 2036 1504 Fabro
2054 1443 2303 1522 filiaque
2320 1442 2510 1502 Anna

287 1541 670 1618 illustratum,
699 1564 868 1623 aeque
890 1552 956 1604 ut
981 1544 1166 1604 libros
1184 1544 1260 1603 de
1277 1543 1448 1605 Viris
1474 1542 1839 1612 Illustribus,
1866 1542 1942 1602 de
1965 1539 2120 1602 Vita
2143 1549 2206 1599 et
2233 1538 2515 1598 Moribus

294 1639 732 1722 Imperatorum
760 1642 926 1702 Sam.
955 1642 1226 1702 Pitiscus
1253 1648 1431 1702 1696.
1462 1641 1661 1702 denuo
1684 1640 2002 1701 recensitos
2026 1637 2305 1716 varieque
2332 1653 2512 1694 orna-

291 1746 391 1798 tos
415 1737 603 1798 dedit.
688 1738 811 1799 Sed
855 1737 956 1800 Jo.
1005 1739 1371 1800 Arntzenius
1405 1738 1605 1799 Jctus
1633 1725 1976 1798 Amsterod.
2023 1740 2203 1797 1733.
2236 1731 2512 1812 pluribus

292 1836 587 1916 exemplis
599 1835 834 1918 scriptis
852 1836 1042 1897 libelli
1057 1836 1134 1896 de
1162 1836 1332 1896 Viris
1352 1834 1456 1895 111.
1476 1837 1682 1918 (quem
1704 1855 1742 1894 a
1762 1833 2014 1895 Schotto
2032 1841 2253 1892 temere
2272 1827 2510 1889 Victori

293 1933 618 2013 ascriptum
638 1934 930 2012 judicat‚)
970 1942 1036 1994 et
1075 1934 1383 2015 Epitomes
1407 1954 1548 1993 usus
1573 1942 1635 1993 et
1659 1952 1795 1992 cum
1822 1929 2197 2011 locupletiori
2218 1933 2510 2007 apparatu

290 2051 373 2092 ex
397 2032 694 2092 variorum
733 2033 890 2092 notis
934 2033 1175 2111 integris
1201 2031 1460 2092 collecto
1488 2029 1695 2090 edidit.
1779 2028 1973 2107 Cujus
1998 2025 2250 2104 vestigia
2275 2022 2422 2100 legit
2445 2020 2507 2080 J.

295 2128 400 2187 Fr.
445 2127 773 2200 GruneruS,
801 2128 1032 2189 duobus
1058 2127 1236 2189 codd.
1266 2126 1476 2187 Guelf.
1504 2128 1566 2186 in
1611 2124 1996 2186 emendandis
2042 2121 2250 2182 iisdem
2292 2117 2528 2178 libellis-

294 2224 540 2305 adjutus
568 2231 748 2288 1757.
780 2246 959 2305 quam
989 2225 1390 2288 recensionem
1411 2222 1726 2284 reddidere
1757 2222 2152 2300 Erlangenses
2167 2223 2351 2281 1787.

377 2327 534 2382 1681
581 2321 857 2395 Parisiis,
883 2331 943 2383 4.
989 2323 1159 2384 Sext.
1189 2323 1344 2383 Aur.
1377 2322 1651 2388 Victoris
1679 2320 1969 2381 Histori‘ae
1999 2318 2296 2378 Romanae
2325 2312 2510 2373 Com-

290 2418 596 2500 pendium.
696 2419 1195 2501 Interpretatione
1241 2430 1302 2481 et
1354 2421 1507 2481 notis
1556 2418 1874 2479 illustravit
1926 2417 2111 2477 Anna
2164 2408 2518 2490 Tanaquilli

294 2516 480 2577 Fabri
500 2516 650 2588 filia,
678 2518 740 2576 in
766 2537 931 2578 usum
962 2517 1268 2598 Delphini.
1354 2518 1558 2577 Paris.
1586 2514 1746 2597 apud
1775 2507 2136 2594 Dionysium
2161 2508 2431 2586 Thierry.

385 2620 545 2676 1696
584 2614 852 2696 Trajecti
882 2615 961 2675 ad
983 2614 1184 2675 Rhen.
1211 2623 1272 2675 8.
1317 2615 1492 2676 Sext.
1535 2614 1691 2674 Aur.
1734 2610 2005 2672 Victoris
2048 2606 2342 2667 Historiae
2377 2601 2511 2661 Ro-

294 2731 491 2773 manae
520 2712 918 2785 Breviarium,
945 2712 1300 2773 illustratum
1323 2711 1520 2772 Andr.
1544 2709 1807 2781 schotti,
1836 2705 2139 2768 Dominici
2160 2700 2519 2769 Machanei,

293 2808 442 2871 Jani
468 2809 736 2883 Gruteri,
774 2818 838 2871 et
885 2811 1085 2871 Annae
1127 2809 1477 2890 Tanaquilli
1519 2808 1707 2868 Fabri
1734 2806 1877 2866 filiae
1896 2802 2334 2867 commentariis
2360 2799 2516 2858 inte-

296 2898 438 2987 ζτίε,
466 2917 535 2968 ut
567 2917 630 2969 et
657 2908 962 2969 Caesarum
991 2916 1054 2968 et
1092 2908 1525 2987 Augustorum,
1549 2907 1927 2983 virorumque
1968 2900 2284 2960 illustrium
2328 2897 2516 2957 iconi—

294 3007 411 3065 bus
451 3025 530 3065 ex
572 3007 828 3065 nummis
860 3006 1165 3066 veteribus
1199 3004 1509 3084 expressis.
1597 3001 1965 3061 Contextum
2009 2995 2326 3064 recensuit,
2352 3012 2519 3052 com-

295 3104 619 3163 mentarios
673 3104 794 3162 suis
846 3099 995 3163 locis
1054 3101 1370 3183 disposuit,
1422 3108 1486 3160 et
1537 3090 1762 3159 indices
1810 3093 2241 3175 copiosissimos
2292 3088 2519 3168 adjecit

296 3199 550 3260 Samuel
602 3199 887 3261 Pitiscus.
992 3198 1162 3279 Traj.
1217 3191 1298 3258 ad
1351 3196 1555 3257 Rhen.
1610 3193 1770 3275 apud
1825 3193 2038 3251 Franc.
2104 3187 2403 3251 Halmam
2454 3196 2519 3245 et

294 3296 614 3357 Guilielm.
641 3297 876 3360 vaande
907 3294 1401 3358 wama-Huic
1427 3294 1524 3353 ed.
1553 3292 1802 3353 accessit

382 3430 466 3443 -—
507 3394 651 3455 ibid.
696 3403 757 3457 8.
801 3395 961 3476 apud
1028 3392 1191 3454 eosd.
1303 3391 1403 3451 De
1450 3391 1603 3453 Vita
1644 3400 1707 3450 et
1761 3386 2035 3450 Moribus
2084 3384 2523 3465 Imperatorum

301 3491 716 3553 Romanorum
761 3499 1046 3572 excerpta
1090 3510 1166 3550 ex
1211 3489 1381 3550 libris
1426 3488 1601 3549 Sext.
1656 3488 1814 3548 Aur.
1862 3483 2131 3545 Victoris
2183 3501 2221 3540 a
2280 3477 2524 3539 Caesare

304 3589 472 3668 Aug.
500 3609 700 3671 usque
726 3590 807 3650 ad
852 3587 1254 3649 Theodosium
1282 3585 1736 3667 Imperatorem,
1781 3602 1917 3644 cum
1967 3581 2123 3641 notis
2162 3577 2263 3639 El.
2302 3575 2519 3637 Vineti

302 3694 371 3745 et
396 3686 614 3747 Merici
642 3686 1007 3747 casauboni.
1077 3684 1407 3745 Recensuit
1433 3681 1679 3743 Samuel
1705 3680 1990 3741 Pitiscus.

385 3788 548 3846 1703
591 3783 882 3861 Coburgi,
909 3791 968 3844 8.
1013 3782 1186 3844 Sext.
1217 3782 1373 3842 Aur.
1404 3780 1672 3842 Victoris
1698 3777 1834 3836 libri
1853 3775 1928 3836 de
1959 3773 2258 3835 Romanae
2306 3768 2524 3827 Gentis

303 3879 579 3964 Origine,
605 3880 681 3940 de
705 3880 874 3941 Viris
915 3878 1259 3940 Illustribns
1284 3887 1348 3938 et
1374 3876 1866 3959 Imperatoribus,
1894 3882 1957 3934 et
1983 3871 2160 3932 Sext.
2187 3864 2337 3927 Rufi
2367 3862 2519 3923 Bre-

301 3977 554 4040 viarium
578 3976 872 4038 Historiae
898 3977 1218 4037 Romanae.
1289 3973 1507 4035 Edidit
1529 3972 1755 4032 Christ.
1777 3969 2032 4030 Junker.

385 4081 552 4138 1704
592 4075 810 4155 Lipsiae
837 4083 901 4135 et
929 4072 1331 4145 Francofurti,
1359 4079 1419 4132 8.
1466 4069 1697 4136 Eadem
1719 4068 1816 4129 ed.
1840 4065 2111 4148 repetita.

390 4176 552 4235 1705
594 4170 874 4242 Londini,
918 4178 1019 4231 12.
1063 4169 1385 4250 Eutropius
1428 4177 1490 4228 et
1538 4167 1693 4229 Aur.
1730 4164 1948 4227 Victor
1993 4181 2129 4224 cum
2169 4157 2323 4218 notis
2362 4154 2516 4216 Tan.

304 4268 513 4331 Fabri.
598 4266 829 4331 Recusi
853 4287 931 4329 ex
947 4267 1041 4331 ed.
1071 4272 1250 4358 1⁶⁶7:
