3025 4934
796 405 1080 454 AUREL.
1111 403 1307 451 vlc‘r.
1356 400 1768 463 ΕΡΙΤΟΜΕΝ,
1814 402 1980 451 ΟΔΡ.
2030 404 2101 449 V.

411 547 591 611 Dives]
622 548 738 600 Jac.
759 547 963 611 Cujacii
990 556 1047 597 et
1070 547 1263 597 Pithoei
1291 546 1409 595 cod.

342 625 599 681 disertim,
622 640 737 673 cum
760 639 859 688 quo
875 633 930 673 et
948 626 1234 674 Veronens.
1258 622 1410 683 facit,

341 701 550 751 divites.-
597 701 790 765 probe:
828 701 966 750 iufra
989 703 1144 761 euim,
1166 702 1307 751 dicto
1331 700 1409 750 fa-

340 792 492 827 moso
514 792 749 842 sparsum
772 778 839 827 de
861 778 1061 827 duobus
1082 777 1312 827 libertis:
1354 783 1409 827 et

341 855 528 903 horum
552 855 569 883 ⁴
590 852 788 902 divitiae
814 853 830 877 ⁹
850 854 1089 917 adagioni
1121 853 1289 903 locum
1327 851 1406 903 fe-

341 939 557 981 cerunt.
623 929 705 980 Ad
745 930 854 980 haec
882 931 1232 995 Tranquillus,
1270 929 1408 979 uude

339 1006 461 1057 fere
478 1016 689 1071 sumpta
707 1009 820 1057 haec
839 1023 955 1073 quae
977 1010 1040 1055 de
1060 1021 1164 1058 xn.
1187 1007 1406 1058 Caesari-

340 1085 443 1134 bus
471 1082 787 1140 referuntur,
812 1085 905 1133 hos
922 1091 983 1132 ut
1004 1085 1054 1133 in
1086 1084 1308 1147 praemiis
1330 1084 1405 1132 iu-

341 1160 592 1222 gentibns
635 1161 1090 1225 ornamentisque3
1138 1162 1211 1210 ita
1253 1167 1309 1209 et
1352 1162 1405 1209 iu

336 1235 575 1286 fortunis'
588 1239 835 1301 qquure,
849 1251 1052 1302 quaque
1068 1236 1250 1300 injuria
1265 1251 1406 1301 quae-

338 1313 478 1370 sitis,
494 1315 780 1377 conjungit,
801 1321 817 1344 ⁸
834 1323 890 1363 ut
910 1313 1197 1377 querente,'
1219 1313 1407 1378 inquit,

338 1391 357 1416 ‘
383 1404 450 1438 eo
475 1392 732 1454 quondam
755 1388 820 1438 de
842 1389 950 1439 fisci
975 1390 1278 1453 exiguitate,
1304 1390 1406 1439 nou

335 1465 566 1515 absurde
604 1466 675 1514 sit
704 1466 920 1527 dictum,
953 1465 1328 1515 abundaturum
1362 1467 1407 1516 si

339 1555 373 1589 a
395 1540 597 1590 duobus
629 1540 830 1591 libertis
855 1541 906 1590 iu
932 1543 1239 1591 consortium
1274 1542 1405 1592 reci-

338 1615 595 1678 peretur!
663 1616 830 1665 Porro
856 1616 923 1666 de
954 1616 1082 1667 fisco
1116 1616 1212 1666 inf.
1241 1631 1289 1667 c.
1323 1621 1406 1669 42.

343 1705 490 1741 num.
515 1697 595 1742 19.
632 1692 820 1742 Seston.
1387 1681 1394 1689 ⁹

405 1768 435 1831 ξ
464 1771 525 1817 10
561 1768 975 1832 Quingentesim‘o]
1001 1770 1404 1835 Quinquagesimo

336 1852 547 1894 tantum
570 1846 719 1894 estin
742 1846 980 1908 Victore,
1003 1848 1090 1896 ubi
1113 1848 1180 1896 de
1207 1849 1403 1909 phoeni-

335 1935 403 1970 ce
425 1920 661 1982 quaedam
687 1930 871 1971 notare
895 1925 1122 1973 memini.
1159 1920 1367 1974 δεήσει’

406 1999 494 2046 Ex
514 1998 692 2048 'Arabis
711 2005 992 2049 memoratos
1014 1999 1158 2063 locos]
1196 2000 1268 2048 Iis
1291 2016 1404 2065 quae

331 2072 430 2137 [ad
451 2072 642 2123 Coesar.
662 2088 708 2123 c.
726 2080 776 2123 4.
793 2077 821 2139 ξ
838 2074 942 2138 14.]
959 2075 1188 2124 breviter
1204 2072 1403 2124 monui-

332 2164 475 2204 mus,
498 2150 631 2199 adde
659 2151 924 2214 Nepotem
959 2152 1199 2213 Agesilao
1223 2168 1269 2204 c.
1292 2156 1342 2203 4.
1377 2155 1401 2217 ξ

333 2228 418 2274 1.‘
449 2226 577 2275 Cum
594 2227 703 2288 jam
728 2230 898 2276 animo
921 2228 1261 2277 meditaretur
1283 2242 1402 2292 pro-

331 2303 505 2351 ficisci
542 2304 593 2352 in
630 2296 864 2353 Persas!
922 2306 1156 2354 Eumene
1193 2320 1310 2368 cap.
1354 2310 1403 2355 8.

330 2380 363 2441 ς
382 2382 435 2428 4.
457 2377 475 2405 ‘
494 2379 610 2430 Qua
631 2395 697 2428 ex
714 2379 888 2429 Medis
909 2381 973 2429 ad
991 2381 1400 2432 adversariorum

330 2454 673 2504 hibernacula
709 2464 887 2520 posset
925 2458 1186 2520 perveniri
1206 2458 1239 2508 ε’
1276 2474 1401 2522 quo-

333 2528 492 2579 modo
519 2530 798 2594 aliquoties
830 2542 910 2581 est
942 2535 1145 2583 locutus
1178 2536 1400 2584 tersissi-

333 2620 455 2655 mus
498 2608 743 2668 scriptor.
808 2607 962 2658 Adde
1005 2611 1292 2661 Burmann.
1333 2611 1400 2661 ad

332 2682 707 2748 Vell.11.4o.§
735 2688 779 2732 1.
817 2684 991 2733 Arutz.

400 2758 572 2807 Insula
592 2760 808 2823 emersit]
847 2760 864 2789 ‘
888 2759 1041 2809 Anno
1063 2762 1265 2824 imperii
1291 2763 1399 2827 ejus

333 2836 519 2898 quinto
563 2837 700 2885 inter
744 2836 971 2886 Theram
1012 2846 1067 2886 et
1101 2839 1399 2888 Therasiam

329 2910 599 2960 insula‘de
627 2910 887 2975 profundo
923 2913 1137 2964 emicuit
1183 2916 1399 2978 triginta

331 2986 622 3035 stadiorum
652 2988 823 3050 spatio
857 2987 1114 3038 extensa?
1182 2991 1399 3041 Orosius‘

332 3074 441 3112 vu.
459 3067 510 3112 6.
547 3064 632 3113 De
656 3064 878 3113 Vulcani
921 3064 1102 3125 insula,
1123 3080 1238 3130 quae
1264 3081 1398 3116 anno

329 3139 547 3190 circiter
583 3152 818 3190 rotxnx.
858 3141 929 3190 U.
960 3141 1022 3190 C.
1051 3136 1400 3207 apparuit,'i·

336 3216 463 3265 dem
486 3228 567 3264 ιν.
589 3210 683 3265 21).
704 3216 894 3265 Schott.

398 3292 429 3354 ς
471 3294 530 3340 11
572 3291 697 3355 Hic]
742 3292 1081 3355 Coujeceram
1124 3294 1399 3358 legendum

335 3367 495 3416 Hine.
571 3368 741 3419 Quam
787 3369 1058 3418 lectionem
1105 3379 1290 3433 postea
1333 3372 1400 3422 ab

331 3445 646 3507 Augustauo
681 3444 797 3493 cod.
814 3454 819 3461 ·
836 3445 1188 3495 confirmatam
1232 3447 1401 3496 liben-

308 3526 418 3571 ‘ter
440 3522 641 3582 accepi.
709 3521 791 3568 De
815 3520 1125 3583 Agrippina,
1150 3535 1265 3584 quae
1290 3522 1399 3573 Ne·

332 3610 521 3645 ronem-
578 3594 828 3658 flagitium
882 3597 1104 3646 hominis
1159 3601 1400 3662 protulit,

329 3673 499 3721 multa
519 3672 687 3720 Tacit.
710 3672 838 3731 Dio,
859 3672 966 3719 alii.
1031 3673 1117 3720 De
1139 3674 1250 3737 eJus
1273 3687 1399 3723 vero

330 3757 501 3799 morte
534 3750 753 3799 Sueton.
789 3749 987 3799 Neron.
1023 3764 1141 3813 cap.
1160 3755 1244 3801 84.
1313 3753 1398 3801 De

333 3826 638 3890 Tanaquilis
658 3825 915 3875 industria
939 3827 1111 3875 Livius
1148 3828 1337 3877 Annal.
1362 3828 1397 3877 l.

335 3917 379 3953 ι.
415 3911 483 3952 er
502 3903 691 3951 Victor
724 3908 903 3951 noster
936 3902 1002 3950 de
1035 3903 1399 3953 Virislllustr.

329 3995 380 4029 c.
398 3982 450 4028 7.
482 3977 672 4027 Sckstt.

398 4055 539 4104 Cu».
556 4058 625 4102 ’v.
658 4055 687 4117 ξ
722 4058 748 4101 1
789 4053 938 4102 Patre
979 4053 1220 4118 Domitio]
1258 4055 1397 4105 (1ηωί

327 4132 668 4196 prenomine,
701 4129 918 4195 Sueton.
955 4130 1151 4179 Neron.
1187 4143 1302 4193 cap.
1345 4138 1395 4181 6.

327 4208 383 4258 in
408 4208 584 4258 Galba
604 4206 735 4255 vero'
750 4208 883 4255 male
918 4209 935 4234 ‘
962 4206 1151 4255 Lucius
1178 4207 1193 4230 '
1213 4209 1394 4272 appel-

312 4282 476 4335 ‘latur
498 4296 565 4334 τ.
596 4276 649 4333 ²6.
714 4282 871 4333 Avus·
884 4284 1021 4333 enim
1045 4284 1104 4334 1..
1127 4284 1392 4336 Domitius

2417 385 2554 453 789·

1482 553 1620 596 erat.
1685 545 2029 596 Ahenolmrbus
2084 543 2281 594 rectius
2318 545 2552 598 scribunt

1484 623 1815 686 aspirationis
1833 629 1963 672 nota
1977 622 2096 672 libri
2111 623 2308 672 calamo
2331 624 2555 687 exarati,

1482 700 1623 749 numi
1649 704 1871 757 vemet,
1887 707 1946 748 ut
1966 698 2213 748 Plautino
2235 698 2396 749 verbo
2410 706 2548 758 utar,

1482 775 1683 838 lapides
1720 774 1941 833 literati,
1961 762 2017 824 ἃ
2044 788 2321 830 marmora,
2351 789 2465 838 quae
2495 775 2550 823 in

1482 849 1745 913 Capitolio
1771 842 1953 900 Romae
1972 850 2109 901 bono
2134 849 2341 914 publico
2362 847 2552 900 effossa

1478 924 1644 976 fastos

1480 1002 1818 1053 Plutarchum
1860 1003 1913 1053 in
1960 1003 2068 1053 vita
2110 1001 2283 1052 Paulli

1484 1077 1674 1129 Schott.

1545 1154 1711 1204 Annos
1726 1154 1978 1219 tredecim]
2018 1155 2176 1206 VIII.
2203 1153 2353 1204 Leid.
2376 1160 2426 1206 2.
2468 1172 2550 1206 aa.

1481 1230 1681 1282 XIIII.
1709 1233 1870 1296 prima
1901 1245 2083 1281 manus
2106 1232 2159 1280 in
2197 1230 2378 1280 Guelf.
2408 1232 2426 1260 ⁴
2451 1232 2546 1281 Bis

1479 1311 1665 1369 quater
1693 1307 1854 1357 denos
1888 1307 2090 1357 Claudii
2114 1314 2172 1356 et
2206 1307 2431 1356 Neronis
2457 1322 2547 1357 an-

1478 1385 1605 1435 nos'
1640 1398 1896 1437 memorat
1932 1388 2146 1437 Tacitus
2188 1387 2269 1435 vel
2315 1387 2549 1453 quisquis

1477 1461 1685 1512 demum
1703 1465 1772 1512 sit
1787 1470 1967 1513 auctor
1985 1462 2195 1526 Dialogi
2212 1461 2278 1512 de
2304 1462 2545 1513 Oratori-

1477 1538 1574 1588 bus
1596 1553 1644 1588 ο.
1670 1542 1752 1589 17.
1807 1540 1936 1589 Mox
1957 1540 2069 1589 inde
2090 1553 2187 1603 pro
2206 1539 2332 1588 uude
2355 1541 2545 1604 priscae

1479 1613 1601 1665 edd.
1626 1614 1803 1665 Aratz.

1546 1692 1574 1753 ς
1597 1694 1629 1738 2
1662 1691 1708 1740 Α
1736 1692 1970 1756 Neronis]
2006 1692 2435 1757 Praepositionem
2458 1690 2547 1740 ad-

1477 1767 1698 1816 mittunt
1719 1782 1894 1817 omnes
1923 1767 2074 1832 editi,
2097 1777 2152 1818 et
2177 1784 2293 1820 cum
2327 1769 2389 1817 iis
2424 1769 2548 1831 Lip-

1478 1842 1585 1891 sius
1608 1843 1777 1893 Elect.
1798 1858 1863 1893 11.
1878 1849 1929 1894 9.
1952 1860 2068 1909 quoe
2086 1856 2168 1895 est
2186 1844 2546 1908 vulgatissima

1711 927 2010 976 consulares
2079 926 2362 977 exhibent:
2429 925 2553 976 vide

2337 1002 2551 1054 AEmilii.

1479 1918 1728 1985 loquendi
1752 1921 1915 1971 ratio=
1956 1921 2047 1971 sed
2072 1935 2188 1970 cum
2212 1923 2366 1972 aliter
2387 1924 2547 1971 senti·

1477 2003 1596 2044 rent
1631 2009 1808 2045 omues
1843 1995 1982 2059 apud
2006 2011 2087 2045 me
2110 1998 2239 2046 Mas.
2274 1998 2335 2046 iis
2358 2010 2547 2060 repug-

1477 2086 1608 2121 nare
1654 2087 1755 2121 uon
1801 2073 1968 2136 potui.
2035 2073 2195 2123 Ovid.
2241 2074 2377 2124 Met.
2416 2086 2547 2122 viu.

1476 2152 1595 2199 438.
1626 2150 1642 2179 ‘
1667 2149 1871 2200 Discite
1910 2159 2148 2214 raptores
2184 2151 2362 2214 alieni,
2395 2151 2544 2213 dicit,

1475 2224 1704 2286 honoris,
1756 2228 1918 2276 Facta
1954 2227 2104 2277 minis
2150 2235 2403 2292 quantum
2460 2226 2544 2275 di-

1474 2301 1654 2351 stent.’
1688 2303 1806 2354 Qua
1828 2305 2221 2354 constructione
2243 2305 2365 2353 huic
2382 2305 2543 2352 verbo

1476 2378 1709 2428 dativum
1733 2377 1855 2428 addi
1883 2386 2026 2429 recte
2051 2378 2230 2429 docuit
2260 2380 2548 2429 Burmann.

1477 2454 1543 2502 ad
1568 2455 1818 2506 Quinctil.
1842 2455 1976 2504 Inst.
2003 2469 2057 2505 v.
2079 2459 2159 2505 10.
2182 2470 2238 2520 p.
2262 2459 2379 2505 897.
2423 2455 2544 2506 Hoc

1476 2536 1648 2579 tamen
1695 2531 1810 2580 loco
1848 2531 2165 2594 quinquennio
2208 2532 2382 2581 malim
2427 2546 2544 2582 esse

1475 2606 1781 2670 ablativum,
1831 2606 2088 2671 quomodo
2132 2607 2270 2658 idem
2318 2609 2542 2659 Ovidius

1474 2682 1620 2730 Fast.
1657 2694 1734 2731 iv.
1769 2686 1885 2751 862.
1917 2683 1935 2711 ‘
1955 2683 2086 2733 Cum
2122 2690 2272 2734 tanto
2316 2686 2544 2750 Phrygia

1471 2758 1681 2808 Gallica
1703 2754 1869 2808 distet
1892 2759 2074 2808 humus
2095 2757 2133 2807 ε’
2163 2760 2251 2809 ubi
2276 2761 2361 2810 alii
2382 2750 2543 2811 etiam

1472 2850 1504 2883 a
1544 2835 1788 2898 Phrygia.
1854 2835 1993 2884 Vide
2027 2835 2332 2887 Heinsium:
2374 2846 2431 2886 et
2472 2852 2542 2887 ex

1475 2904 1630 2962 Po'ut.
1656 2911 1823 2974 Epist.
1845 2924 1933 2960 111.
1969 2913 2019 2959 2.
2051 2917 2133 2960 46.
2168 2919 2185 2943 ‘
2210 2912 2311 2963 Qui
2351 2912 2544 2964 Getica

1475 2987 1629 3050 louge
1652 3000 1757 3035 non
1794 2988 1870 3036 ita
1903 2982 2280 3035 distat'humo.’
2346 2989 2541 3038 Verum

1475 3062 1577 3111 illis
1611 3063 1736 3112 locis
1772 3063 1885 3111 haec
1920 3061 2078 3110 verba
2121 3073 2338 3125 possent
2374 3063 2544 3113 videri

1475 3138 1730 3200 construi,
1758 3145 2001 3201 tauquam
2040 3139 2085 3187 si
2125 3142 2333 3188 nomina
2366 3148 2543 3191 essent

1479 3214 1702 3269 urbium,
1728 3229 1843 3278 quae
1867 3222 2041 3263 tamen
2075 3214 2209 3264 ratio
2228 3229 2329 3263 non
2354 3229 2541 3278 proce·

1475 3291 1555 3340 dit
1578 3290 1715 3353 apud
1738 3290 1984 3342 Juvenal.
2005 3291 2115 3340 Sat.
2134 3304 2252 3340 xiv.
2269 3295 2353 3342 98.
2374 3292 2391 3319 ⁴
2418 3293 2538 3342 Nec

1476 3369 1671 3417 distare
1693 3373 1884 3432 putant
1894 3367 2118 3417 humana
2131 3382 2290 3418 carne
2299 3369 2540 3421 suillam!

1474 3446 1649 3495 Arntz.

1539 3525 1568 3587 ς
1590 3525 1622 3572 4
1657 3520 1950 3583 Polemonis]
1976 3521 2170 3571 Eadem
2192 3522 2408 3572 Sueton.
2422 3524 2539 3587 bap.

1475 3603 1557 3648 18.
1604 3598 1825 3662 Eutrop.
1848 3611 1947 3648 vir.
1972 3601 2054 3648 14.
2099 3598 2355 3648 Eusebius
2376 3599 2538 3667 Chro-

1472 3675 1619 3732 nicis,
1656 3683 1714 3723 et
1741 3675 1998 3735 Vopiscus
2031 3674 2335 3726 Aureliano.
2390 3676 2540 3727 Male

1472 3752 1560 3813 qui
1599 3766 1715 3799 cum
1747 3751 2066 3814 diphthongo
2110 3752 2487 3813 impresserunt
2519 3768 2537 3815 3

1473 3828 1676 3876 Graecis
1700 3827 1838 3875 enim
1863 3826 2106 3875 scribitur
2130 3826 2375 3891 Πολέμων,
2405 3830 2538 3879 ἂνω.

1473 3905 1617 3954 Male
1660 3918 1870 3968 quoque
1905 3905 2112 3954 Gothicis
2148 3905 2297 3969 Alpes
2328 3906 2536 3969 quidam

1473 3979 1766 4029 ediderunt.
1800 3981 2013 4042 Duplici
2025 3981 2134 4030 Tau
2155 3982 2391 4045 plerique
2409 3983 2538 4033 scri·

1474 4057 1624 4106 bunt.
1654 4056 1671 4085 ‘
1691 4056 1922 4106 Cottius'
1942 4063 2115 4106 autem
2133 4070 2224 4105 rex
2245 4056 2537 4123 dicebatur,

1450 4128 1611 4197 'quod
1649 4132 1701 4180 in
1746 4130 1967 4195 Alpibus
2005 4137 2021 4161 ⁴
2054 4131 2275 4182 Cottiis'
2317 4148 2534 4195 regnum

1471 4209 1787 4271 obtinuerat,
1811 4216 1867 4257 et
1892 4209 1999 4257 viss
2017 4211 2094 4259 ita
2115 4208 2282 4260 dictas
2303 4213 2534 4262 munive-

1471 4293 1574 4336 rat.
1593 4286 1691 4336 'De
1711 4285 1790 4335 his
1811 4284 2018 4349 copiose
2028 4284 2289 4339 Ammian.
2312 4286 2535 4340 Marcel-
