3025 4934
692 392 977 445 Auum..
1010 394 1207 446 vlc'r.
1260 394 1355 444 DE
1402 395 1838 447 cAESARmUs
1888 398 2199 448 cAP.111.

333 534 491 586 font.
552 533 663 587 Sed
694 536 817 602 quid
851 549 980 602 opus
999 550 1180 590 vocem
1198 545 1399 604 paterno

341 611 421 661 hic
449 613 583 662 velle
619 612 975 678 interponere,
1006 619 1219 665 cum'ex
1252 631 1399 681 seqq.

323 687 530 750 verbis,
546 688 565 716 ‘
581 699 755 752 pater,
777 705 810 739 a
831 704 934 755 quo
949 690 993 740 is
1017 691 1117 755 (sc.
1139 692 1399 758 Caligula)

337 763 644 822 oriebatur,’
678 766 802 815 sati's
840 766 1135 817 declaretur
1164 782 1281 818 enm
1313 770 1397 822 bic

336 838 401 889 de
420 853 620 902 genere
646 848 864 907 paterno
886 843 1045 907 loqui,
1068 851 1126 893 nt
1153 858 1310 910 supra
1330 845 1398 896 de

315 919 601 968 „maternoi'
669 918 917 985 Adeoque
944 920 1039 971 hoc
1065 922 1226 973 voluit
1249 924 1398 973 omit-

334 997 466 1053 tere,
485 1006 556 1042 ne
580 993 853 1044 videretur
871 999 1202 1058 ταυτολογεῖν.
1221 1000 1395 1049 Arata.

313 1095 332 1104 --
392 1068 422 1130 §
444 1071 475 1117 8
515 1069 727 1135 Matris]
771 1070 1096 1137 Agrippina,
1116 1088 1267 1139 quam
1292 1075 1394 1137 pri-

330 1156 464 1193 mum
482 1145 535 1194 in
555 1145 932 1197 Pandatariam
957 1149 1173 1200 insulam
1198 1151 1394 1214 relega-

330 1220 423 1281 vit,
455 1222 722 1287 oculoque
759 1238 855 1287 per
887 1226 1244 1276 centurionem
1278 1240 1394 1277 ver·

328 1294 543 1347 beribns
577 1305 797 1349 excusso
829 1309 1081 1351 mortuam
1117 1303 1287 1352 inedia
1311 1310 1394 1353 est

327 1372 752 1425 criminosissime
802 1377 1098 1430 insectatus.
1175 1380 1392 1430 Sueten.

324 1447 529 1498 Tiberio
552 1465 603 1501 c.
629 1454 712 1501 53.
784 1452 1044 1503 Neronem
1078 1462 1134 1504 et
1168 1456 1392 1506 Drusum

213 1543 216 1550 ›
324 1521 511 1575 fratres
537 1528 795 1592 Caligula
816 1530 884 1578 ab
906 1539 1089 1580 senatu
1114 1532 1286 1581 hostes
1302 1534 1389 1596 ju-

324 1599 519 1653 dicatos
541 1606 855 1656 criminante
876 1606 1092 1657 Tiberio
1116 1606 1277 1658 fames
1300 1609 1391 1658 ab·

314 1681 522 1729 sumsit.
592 1681 743 1731 Idem
766 1683 940 1732 Tiber.
962 1698 1012 1733 c.
1036 1688 1117 1735 54.
1143 1692 1197 1734 et
1222 1686 1389 1750 Calig.

322 1766 368 1803 c.
388 1758 437 1803 7.
468 1756 645 1806 Tacit.
667 1757 856 1808 Annal.
892 1758 984 1810 lib.
1008 1774 1064 1809 v.
1098 1767 1154 1810 et
1169 1762 1276 1848 pio
1301 1762 1390 1811 lib.

322 1844 483 1885 tvm.
520 1837 715 1887 δώσει.

313 1925 321 1938 ·
381 1913 464 1975 §4
490 1901 908 1980 Taneaesamilid]
934 1914 1160 1968 Afflietae
1184 1915 1394 1971 domus.

317 1983 537 2039 Sueton.
556 1991 727 2053 Calig.
754 2006 801 2041 c.
824 1997 903 2044 13.
937 1993 1129 2043 Schott.

323 2083 328 2091 ·
383 2063 615 2117 Similem
641 2067 757 2125 fore
791 2068 892 2132 sui]
931 2066 1013 2118 An
1050 2066 1194 2120 suis?
1228 2071 1386 2134 patri,

322 2152 437 2200 avo,
462 2156 692 2206 proavo:
726 2144 866 2209 quod
896 2148 1164 2209 sequentia
1201 2147 1388 2197 contir-

320 2227 498 2269 mant:
532 2235 604 2271 ιιι
641 2222 844 2272 similem
874 2223 987 2273 sui?
1020 2226 1098 2274 uti
1122 2224 1189 2274 de
1221 2240 1277 2274 se
1297 2227 1387 2276 Ti-

320 2292 491 2345 berius
517 2296 764 2360 ambigue
792 2296 941 2348 initio
964 2297 1141 2349 dicere
1165 2299 1385 2359 solebat,

315 2377 335 2407 -‘
354 2370 579 2423 similem
632 2388 688 2422 se
740 2388 948 2439 semper
985 2376 1066 2425 sui
1120 2374 1389 2429 futurum.’

317 2447 511 2514 Tranq.
535 2449 715 2500 Tiber.
738 2465 853 2514 cap.
877 2455 962 2501 67.
1024 2452 1127 2502 Sed
1147 2453 1273 2502 illud
1292 2455 1385 2503 im·

319 2534 738 2591 manequsntnm
764 2526 1010 2590 praefero.
1044 2529 1235 2578 Schott.
1283 2531 1385 2580 Re·

320 2599 531 2661 quirunt
556 2603 826 2665 sequentia
850 2610 908 2652 nt
932 2617 1049 2652 cum
1069 2604 1285 2654 schotto
1311 2607 1384 2655 le-

320 2688 499 2737 gamus
536 2678 660 2726 sais.
691 2677 848 2727 Grut.
910 2678 981 2728 Et
1014 2679 1088 2728 sic
1112 2679 1287 2729 laudat
1311 2681 1384 2732 Is.

319 2753 548 2803 Casanb.
566 2753 631 2803 ad
645 2754 816 2817 Spart.
829 2754 1027 2803 Severo
1043 2769 1090 2803 c.
1108 2758 1189 2804 20.
1206 2755 1383 2807 Arate.

382 2827 663 2892 Sapientiam
693 2830 880 2895 plures]
916 2829 1140 2892 Copiose
1168 2832 1278 2881 baec
1301 2833 1385 2881 ΔΕ·

317 2901 416 2953 lius
438 2906 746 2969 Spartianus
763 2913 995 2956 extremo
1018 2908 1228 2957 Severo.
1276 2910 1384 2958 No-

318 2984 373 3027 ta
411 2989 590 3032 autem
641 2990 894 3047 agrestes,
949 2984 1119 3034 doctis
1168 2985 1384 3048 opponi,

319 3063 380 3105 ut
412 3058 556 3108 infra
589 3060 937 3123 Vespasiano,
969 3060 1147 3110 ‘bonis
1185 3059 1384 3110 indocti

319 3139 374 3181 et
395 3135 742 3196 prudentibus
764 3135 995 3185 inertes?
1044 3138 1060 3165 ‘
1079 3137 1307 3187 Homine
1329 3151 1381 3186 e-

320 3208 423 3258 nim
445 3209 689 3273 imperito
707 3226 984 3275 numquam
1003 3212 1281 3277 quidquam
1306 3214 1383 3263 in-

312 3282 540 3349 justius,'
582 3288 868 3338 Terentius
909 3287 1176 3353 Adelphis.
1212 3289 1382 3340 Schot-

381 3439 410 3501 §
441 3441 476 3487 6
514 3438 735 3487 Caruisse
772 3436 936 3487 liberis
976 3437 1144 3488 utilius
1175 3440 1378 3504 duxve]

317 3510 478 3574 [vide
502 3514 631 3564 Not.
657 3515 872 3579 Delph.]
906 3515 1007 3564 Vel
1033 3514 1221 3580 Ἧρῶων
1238 3516 1382 3567 τέκνα

319 3587 526 3648 πήματα.
592 3591 725 3641 Vide
750 3592 1021 3642 Erasmum
1042 3592 1094 3640 in
1114 3594 1381 3646 Prov.'tit.

318 3663 337 3691 ‘
359 3664 800 3730 Degenerantinm
820 3667 875 3715 in
900 3665 1082 3730 pejus.’
1114 3670 1284 3717 Arata.

378 3742 407 3805 ὅ
436 3747 467 3792 7
504 3743 671 3806 Neque
705 3744 918 3793 meliores
937 3743 1171 3808 famulos]
1218 3745 1379 3795 Vete-

317 3830 400 3870 ηε
450 3819 592 3868 libri.
658 3820 872 3869 Rectius
923 3828 1097 3869 tamen
1140 3821 1379 3871 meliorent

308 3893 542 3951 famulum
562 3911 629 3945 ex
648 3897 938 3961 Tranquilli
961 3912 1009 3946 c.
1034 3902 1114 3946 10.
1131 3906 1186 3947 et
1205 3898 1377 3947 Taciti

319 3967 505 4021 Annal.
540 3973 628 4023 lib.
656 3988 736 4022 vx.
761 3973 846 4037 qui
882 3973 1121 4023 Passieni
1155 3976 1377 4024 oratoris

319 4046 510 4098 dictum
555 4066 669 4099 esse
720 4050 919 4106 scribit,
975 4065 1129 4115 quem
1173 4037 1375 4099 Plinius

323 4121 443 4174 Nat.
458 4126 660 4176 Hister.
684 4140 806 4177 xvr.
827 4131 911 4178 44.
932 4136 986 4176 et
1004 4128 1206 4177 Seneca
1230 4141 1376 4191 sepe

321 4197 545 4252 laudant.
581 4204 769 4252 δώσει.

373 4277 472 4328 -Uti
494 4278 615 4330 talia
635 4278 834 4343 ingenia
848 4278 1024 4331 veteris
1048 4273 1238 4344 solent]
1258 4280 1372 4331 Du-

2328 432 2334 438 .
2398 380 2527 452 ¹701

1472 539 1611 590 bites
1644 546 1816 591 utrum
1854 542 1992 605 legas
2025 544 2077 591 in
2106 542 2237 592 Μαι.
2266 555 2430 593 reeens
2460 556 2528 593 sn

1469 616 1646 665 veteris
1669 619 1820 668 soleat
1851 619 1966 668 onai
2000 618 2234 668 mensibus
2254 634 2272 668 .·
2303 619 2430 667 illud
2468 626 2532 670 ut

1472 689 1670 742 referas
1692 692 1757 741 ad
1783 693 1985 756 imperii
2008 695 2229 751 initium,
2249 695 2348 745 hoc
2378 694 2444 744 ad
2473 693 2530 744 id

1463 771 1680 831 'tempus
1715 768 1853 832 quod
1894 768 2090 819 Tiberii
2130 777 2346 820 mortem
2382 776 2527 821 ante·

1471 844 1665 893 cessitx
1690 843 1809 893 ideo
1831 844 1969 909 qnod
1994 847 2270 909 populares
2290 845 2402 896 fere
2424 846 2532 896 sint

1471 918 1561 983 qui
1599 919 1930 982 magistratus
1968 922 2220 979 ambiunt,
2273 932 2332 974 et
2375 924 2530 973 simu-

1470 996 1583 1046 lant
1614 999 1831 1057 vultum,
1867 998 2049 1062 verbs,
2088 1014 2290 1064 preces,
2330 1000 2530 1051 blaudi·

1471 1072 1607 1122 tiss=
1662 1072 1848 1123 deinde
1888 1076 2030 1125 nacti
2067 1075 2202 1139 quod
2239 1078 2530 1141 cupierant,

1469 1159 1744 1210 personam
1781 1149 1919 1200 illam
1963 1157 2196 1212 exuunt3
2229 1157 2287 1200 ut
2323 1151 2529 1216 Appius

1466 1223 1751 1274 decemvir.
1818 1226 1904 1277 Ita
1945 1224 2058 1275 fere
2103 1226 2173 1278 Q.
2213 1226 2412 1276 Tullius
2458 1228 2528 1280 do

1467 1297 1994 1351 Potin-Consulatus.
2059 1301 2162 1351 Sed
2191 1301 2312 1351 hnic
2339 1316 2526 1368 repug-

1467 1388 1595 1424 nare
1634 1376 1840 1427 videtur
1868 1376 2012 1441 illud,
2046 1384 2262 1428 ‘nactus
2300 1386 2530 1444 potesta-

1466 1450 1612 1500 tem!
1664 1452 1803 1504 Quid
1827 1453 1870 1503 si
1890 1455 2067 1504 veteris
2086 1455 2200 1503 olim
2218 1455 2334 1505 anai
2355 1456 2529 1505 aueass‘·

1464 1524 1552 1576 bas
1592 1528 1774 1591 legas?
1837 1529 2032 1580 Petrus
2074 1530 2328 1589 Pithoeus,
2373 1545 2527 1593 quem

1465 1618 1566 1669 ego
1587 1604 1655 1654 ob
1675 1607 1981 1669 singularem
2002 1607 2254 1657 doctrinae
2280 1608 2526 1671 conjunc·-

1464 1686 1573 1731 tam
1615 1682 1984 1734 humanitatem
2029 1697 2125 1747 pro
2166 1697 2228 1732 eo
2261 1696 2325 1732 ac
2357 1684 2527 1738 debeo

1463 1769 1637 1807 amore
1656 1759 1994 1822 complector,
2011 1760 2164 1811 deteri
2177 1760 2328 1810 soleat
2348 1762 2526 1824 legen·

1464 1832 1586 1882 dum
1610 1833 1896 1887 divinabat.
1944 1838 2014 1887 Et
2036 1851 2156 1886 mox
2179 1839 2309 1887 inter
2328 1838 2524 1900 Patr-ee,

1462 1908 1722 1971 εὔποχῦς.
1788 1913 1921 1965 Quoe
1960 1920 2133 1966 autem
2179 1915 2525 1979 populariter,

1461 2001 1682 2052 quaeque
1706 1988 1988 2039 liberaliter
2010 1991 2062 2039 in
2087 1992 2331 2054 populum
2366 1999 2422 2041 et
2449 1991 2524 2040 ci<-

1460 2062 1637 2113 viliter
1658 2065 1880 2129 gesserit
1901 2066 2114 2117 Sueton.
2135 2079 2253 2129 cap.
2275 2069 2356 2114 15.
2380 2064 2528 2114 dein·

1462 2152 1588 2202 ceps
1609 2147 1664 2191 et
1684 2141 1787 2191 Dio
1808 2143 1842 2191 1.
1864 2156 1982 2193 mx.
2006 2141 2192 2192 Schott.
2226 2143 2382 2191 Forte
2397 2141 2524 2192 certi

1455 2217 1625 2267 soleat.
1682 2218 1874 2269 Petrus
1891 2219 2131 2268 Pitboeus
2153 2216 2425 2268 divinabat
2440 2219 2523 2268 de·

1458 2295 1754 2345 teri-solent.-
1788 2309 1887 2344 non
1913 2295 2062 2345 male.
2127 2294 2233 2344 Sed
2256 2308 2423 2359 neque
2445 2294 2522 2346 sic

1462 2376 1657 2433 tamen,
1677 2384 1791 2421 meo
1804 2369 2023 2434 jndicio,
2034 2371 2181 2420 locus
2195 2380 2523 2433 persanatur.

1463 2445 1665 2497 Gruter.
1734 2447 1922 2511 Neque
1944 2447 2087 2497 bisce
2110 2445 2422 2510 conjecturis
2444 2446 2520 2496 lo-

1459 2536 1574 2571 cum
1598 2523 1736 2573 hunc
1756 2523 2022 2587 persanari
2049 2529 2196 2572 recte
2219 2537 2332 2572 meo
2359 2523 2519 2572 etiam

1451 2597 1653 2660 judicio
1674 2598 1882 2649 censuit
1905 2599 2182 2654 Gruterus,
2211 2612 2326 2648 cnm
2360 2599 2410 2647 in
2443 2599 2518 2648 al·

1461 2674 1583 2723 tiori
1607 2676 1739 2725 vitio
1761 2675 1953 2725 cubare
1974 2675 2233 2735 videatur,
2255 2675 2391 2740 qnod
2414 2676 2514 2725 nisi

1458 2762 1561 2812 ope
1605 2751 1735 2799 Mas.
1779 2750 1965 2815 quibus
2009 2750 2355 2811 destituimur,
2400 2751 2515 2802 tolli

1460 2838 1562 2874 non
1600 2826 1780 2888 possit.
1847 2827 1976 2880 Quis
1999 2828 2154 2889 enim,
2177 2828 2264 2892 qui
2298 2829 2517 2879 humane

1456 2901 1597 2963 loqui
1615 2903 1758 2963 velit,
1773 2917 1996 2968 unquam
2014 2903 2174 2965 dicet,
2187 2904 2386 2966 aliquid·
2405 2919 2515 2956 mu-

1452 2979 1553 3027 tari
1585 2980 1703 3026 anni
1733 2978 2010 3030 mensibus?
2075 2981 2214 3029 Nam
2251 2993 2513 3044 exponere

1453 3054 1532 3102 nti
1554 3054 1759 3118 quidam
1783 3054 1934 3118 facit,
1971 3055 2129 3103 ‘talia
2149 3055 2354 3116 ingenia
2379 3055 2519 3107 verti

1454 3132 1625 3180 solent
1664 3130 1884 3194 perinde
1922 3132 1998 3181 uti
2021 3145 2221 3181 menses
2245 3132 2400 3188 anni‚'
2435 3134 2510 3181 ni-

1451 3208 1521 3257 hil
1545 3215 1658 3268 est;
1691 3206 1808 3257 duae
1832 3207 1968 3257 enim
1992 3215 2190 3257 tantum
2215 3215 2335 3257 sunt
2356 3209 2511 3271 hujus

1452 3283 1702 3348 principis
1747 3284 2072 3341 mutationes,
2112 3285 2190 3333 vel
2227 3299 2343 3334 cum
2376 3285 2515 3348 opti·

1450 3375 1565 3411 mus
1588 3367 1729 3411 esset
1747 3359 1986 3419 famulus,
2010 3361 2092 3411 vel
2111 3373 2227 3410 cum
2247 3361 2512 3426 atrocissiq

1450 3451 1562 3486 mus
1587 3437 1840 3495 dominus,
1862 3453 2030 3504 neque
2052 3440 2212 3488 semel
2234 3436 2405 3489 factus
2428 3446 2511 3502 ty-

1450 3528 1641 3564 rannus
1697 3522 1878 3579 postea
1931 3514 1994 3562 ad
2044 3514 2305 3564 meliorem
2350 3515 2511 3565 rediit

1448 3599 1692 3640 mentem.
1758 3579 1883 3652 Ipse
1906 3590 2166 3638 tentabam
2188 3589 2264 3638 ati
2286 3591 2405 3639 talia
2433 3591 2510 3639 ia·

1444 3667 1591 3727 gessia
1613 3665 1754 3715 vietis
1775 3666 2030 3716 insolentia
2060 3666 2310 3727 mentibus,
2331 3667 2385 3716 id
2407 3675 2511 3728 est,

1447 3742 1524 3791 uti
1549 3743 1674 3792 talia
1698 3744 1910 3805 ingenia
1939 3749 2126 3805 gerunt
2157 3757 2254 3804 res,
2287 3741 2509 3806 faciunt,

1446 3818 1490 3867 si
1535 3832 1631 3881 per
1664 3818 1988 3868 insolentiam
2037 3819 2254 3882 majores
2293 3819 2507 3881 spiritus

1445 3904 1673 3956 sumunt,
1713 3910 1823 3957 sen,
1847 3895 1985 3960 quod
2009 3894 2142 3944 infra
2162 3893 2294 3943 dicit
2317 3909 2435 3957 cap.
2457 3902 2508 3954 ⁵,

1448 3976 1476 4038 ς
1498 3978 1549 4022 8.
1579 3980 1595 4004 ⁴
1616 3980 1816 4023 mutato
1841 3989 1935 4036 per
1971 3974 2229 4022 licentiam
2260 3973 2507 4035 ingenio?

1447 4052 1640 4099 Eri-ore
1695 4051 1880 4099 calami
1936 4050 2218 4113 scripserat
2269 4047 2507 4100 librarius

1441 4126 1716 4185 indemni,
1736 4125 1872 4174 unde.
1912 4125 2043 4173 alins
2067 4124 2252 4173 omisso
2274 4123 2327 4172 in
2349 4137 2412 4172 ex
2436 4124 2509 4174 si·

1442 4201 1736 4252 militudine
1778 4201 2122 4265 precedentis
2157 4199 2389 4265 syllabae,
2422 4203 2505 4250 vel

1442 4277 1584 4346 qnod
1604 4279 1807 4330 insuunt*
1838 4278 2114 4330 scribentis
2141 4291 2369 4330 errorem
2389 4292 2503 4329 esse
