3025 4934
506 375 639 443 616

577 533 785 586 Modius
813 535 1020 598 quidam
1042 533 1199 599 legit)
1233 538 1414 585 et1.8.
1461 533 1570 584 Hic

573 613 685 676 ejus
709 613 1022 661 abstinentia
1044 612 1229 671 eluxit,
1253 617 1309 661 et
1355 610 1566 674 frugali-

576 696 675 738 tas.
739 687 803 735 In
828 689 922 737 hoc
960 689 1268 750 magistratu
1292 693 1454 737 totam
1493 686 1567 735 ci·

577 764 821 814 tet-iorem
855 765 1179 828 Hispaniam,
1214 780 1328 826 quae
1348 765 1570 814 rebella-

576 848 744 900 verat,
763 841 994 903 pacavit,
1035 841 1173 891 bello
1204 841 1270 891 ah
1307 842 1570 904 Emporiis

577 917 837 973 inchoato,
902 917 1184 980 adjuvante
1245 917 1312 965 P.
1370 917 1569 966 Manlio

574 1000 820 1055 praetore.
888 994 1145 1044 Matronis
1185 995 1380 1044 cultum
1422 1008 1569 1057 repe·

579 1068 833 1130 tentibus,
877 1067 1054 1133 Oppia
1093 1071 1210 1131 lege
1256 1071 1573 1132 ademptum,

577 1146 788 1195 restitit.
838 1146 1170 1203 Plutarchus,
1195 1147 1307 1196 Liv.
1325 1146 1516 1198 Annal.
1537 1148 1574 1195 l.

577 1236 803 1273 xxxm.
865 1224 1065 1287 Nepos,
1112 1224 1218 1280 alii,
1248 1225 1378 1273 ·Val.
1422 1224 1572 1273 Max.

576 1299 668 1348 lib.
691 1312 774 1349 tx.

510 1388 665 1424 nux.
720 1375 840 1425 Hoc
861 1389 996 1425 anno
1034 1390 1128 1439 pro
1165 1377 1376 1426 consule
1398 1391 1464 1426 ex
1486 1392 1573 1426 ea-

574 1450 693 1500 dem
712 1452 981 1514 provincia
996 1453 1063 1501 de
1081 1459 1288 1501 senatus
1309 1455 1573 1503 sententia

578 1530 934 1593 triumphavit.
971 1530 1112 1580 Fasti
1137 1530 1439 1594 Capitolini,
1463 1531 1573 1597 Ap-

578 1607 763 1668 pianus
786 1604 1030 1672 uei-icis,
1053 1608 1355 1673 Frontinus»,
1369 1609 1574 1672 Florus,

577 1686 634 1730 et
654 1681 902 1731 Zonaras.

509 1768 686 1805 num.
723 1759 951 1821 Legatus
989 1758 1075 1824 (ut
1099 1760 1285 1809 Cicero
1307 1761 1571 1809 memorias

578 1832 724 1889 vitio,
740 1835 977 1883 tribunus
994 1835 1242 1900 militum)
1265 1838 1430 1886 Manii
1451 1837 1573 1887 Aci-

555 1908 629 1957 ‚lii
672 1908 970 1960 Glabrionis
1012 1913 1257 1969 consulis,
1300 1915 1572 1977 occupatis

575 1989 1037 2054 Thermopylarum
1070 1990 1210 2054 jugis
1268 1991 1567 2053 praesidium

573 2065 792 2116 hostium
818 2067 1043 2128 depulit.
1079 2067 1268 2116 Cicero
1289 2067 1343 2115 iu
1367 2068 1573 2117 Catone

575 2142 798 2205 Majore,
846 2143 1024 2191 Livius
1077 2136 1166 2191 lib.
1210 2157 1417 2192 xxxvl.
1464 2144 1576 2207 Ap-

576 2218 786 2281 pinnas,
822 2218 1163 2278 Plutarchus,
1200 2219 1454 2277 sustinuit,
1485 2222 1575 2270 lib.

575 2307 748 2346 xxxt.
801 2296 987 2345 Festus
1007 2297 1059 2344 in
1083 2296 1099 2323 ‘
1117 2295 1490 2360 ordinarium,'
1517 2306 1575 2349 et

574 2371 841 2434 Sosipater
863 2387 928 2420 ex
952 2373 1188 2421 oratione
1224 2374 1425 2423 dierum
1460 2375 1570 2425 dic-

578 2454 746 2497 tarum
767 2449 835 2497 de
855 2451 1119 2499 consulatu
1141 2465 1235 2499 suo
1257 2468 1270 2501 ι
1297 2451 1314 2478 ‘
1334 2451 1470 2501 Item
1495 2454 1572 2503 nti

577 2539 609 2574 a
630 2526 991 2588 Thermopylis
1015 2534 1174 2590 atque
1192 2542 1258 2575 ex
1284 2527 1410 2576 Asia
1432 2543 1573 2578 max·

578 2604 708 2652 imos
734 2604 990 2653 tumultus
1025 2604 1369 2653 maturissime
1390 2605 1570 2668 disjeci

579 2690 736 2742 atque
770 2679 1081 2728 consedavi.’
1146 2680 1400 2745 Idemque
1437 2683 1572 2732 Cato

577 2758 628 2805 iu
655 2772 737 2816 ea,
757 2771 908 2819 quam
932 2757 1134 2820 scripsit
1159 2759 1221 2806 de
1245 2759 1351 2807 suis
1372 2759 1571 2810 virtuti-

579 2834 674 2881 bus
696 2844 879 2882 contra
901 2834 1213 2885 Thermum:
1248 2837 1265 2863 ‘
1285 2837 1363 2885 Μ.
1384 2837 1586 2887 Fulvio*

581 2910 779 2959 consuli
815 2910 1015 2973 legatus
1048 2927 1160 2960 snm
1202 2912 1255 2960 in
1295 2913 1568 2963 AEtoliam:

580 2995 864 3050 propterea
886 2986 1023 3050 quod
1040 3002 1106 3035 ex
1128 2987 1317 3038 AEtolia
1339 2991 1573 3053 complu-

566 3080 665 3130 ⁸res
686 3071 952 3121 venerant,
974 3065 1173 3114 AEtolos
1198 3080 1379 3128 pacem
1403 3067 1573 3116 velle.'

548 3141 765 3208 „Festus
788 3142 838 3189 in
871 3142 887 3169 ‘
905 3139 1195 3190 Oratores:
1261 3140 1464 3192 Auctor
1485 3144 1568 3193 hic

470 3271 475 3280 ¹
580 3218 648 3266 de
670 3219 807 3266 Viris
831 3217 1148 3266 Illustribns.

515 3306 713 3343 mxu.
753 3294 940 3342 AEtatis
964 3306 1122 3341 xmx.
1156 3306 1339 3341 censor
1375 3295 1571 3357 gravis-

581 3371 740 3419 simus
768 3383 884 3418 cum
914 3369 971 3416 L.
993 3369 1202 3417 Valerio
1237 3370 1426 3419 Flacco
1464 3386 1573 3421 rur-

581 3461 711 3495 sum.
781 3445 840 3493 L.
875 3443 1175 3496 Quinctium
1214 3444 1576 3512 Flamininum,

582 3522 689 3570 Titi
723 3519 957 3572 fratrem,
997 3529 1182 3570 senatu
1228 3523 1407 3586 movit,
1429 3532 1483 3573 et
1520 3526 1572 3574 in

504 3627 511 3640 .
586 3598 825 3646 aerarium
873 3594 1097 3657 redegit.
1162 3597 1441 3648 Luxuriam
1482 3601 1572 3650 ho·

581 3673 774 3722 minum
820 3672 1087 3736 repressit,
1127 3687 1243 3736 qnae
1286 3674 1575 3738 incipiebat

583 3748 856 3812 pullulare.
893 3746 956 3796 In
975 3761 1075 3811 quo
1097 3746 1292 3798 honore
1309 3750 1446 3813 qnod
1466 3758 1573 3802 tam

583 3838 767 3873 severe
812 3822 1127 3886 prefuisset,
1170 3826 1447 3876 Censorius
1492 3839 1575 3877 est

584 3901 893 3965 appellatus.
956 3900 1132 3949 Livius
1157 3901 1243 3950 lib.
1266 3916 1471 3953 xxxix.
1508 3904 1574 3953 ab

584 3978 651 4027 U.
677 3978 736 4026 C.
770 3975 1079 4027 Plutarchus
1106 3978 1156 4026 in
1180 3979 1398 4043 Catone,
1420 3982 1575 4045 Capi-

585 4054 733 4102 tolini
761 4053 986 4115 lapides,
1007 4053 1126 4101 Val.
1160 4055 1306 4104 Max.
1339 4070 1402 4104 11.
1436 4062 1485 4107 9.
1522 4065 1577 4106 et

508 4171 515 4176 .
586 4143 664 4179 lv.
685 4132 737 4178 4.
804 4128 961 4177 Corn.
997 4128 1176 4192 Nepos
1207 4139 1262 4180 et
1302 4131 1486 4181 Cicero
1521 4133 1574 4182 in

585 4206 752 4255 Bruto
786 4210 842 4253 et
876 4204 1099 4266 Catone,
1133 4206 1336 4259 Seneca
1358 4207 1580 4260 Rhetor.

585 4282 921 4333 controvers.
944 4292 1084 4332 xxv.

1201 394 1418 442 No'rAE
1468 392 1892 442 Valuomm-
1927 394 2006 442 m

1641 547 1733 586 nc,
1767 533 2144 598 Octogenarius
2170 535 2281 598 jam
2305 534 2540 585 Servium
2579 537 2694 587 Sul-

1706 609 1890 672 pitium
1910 611 2144 669 Galbam,
2162 612 2248 673 qui
2267 611 2543 662 Lusitanos
2565 629 2695 676 prae·

1707 692 1791 735 tor
1826 687 2063 749 diripuit,
2111 688 2404 738 vehementi
2459 692 2693 740 oratione

1708 764 1985 815 accusavit.
2026 764 2205 813 Livius
2228 764 2317 813 lib.
2337 778 2548 815 xxxlx.
2574 767 2697 816 Plu·

1708 842 1917 891 tarchus
1940 850 1996 891 et
2032 851 2212 892 auctor
2234 850 2413 891 noster
2449 844 2516 891 de
2555 844 2694 892 Viris

1707 917 2021 967 Illustrihus.
2068 918 2187 967 Val.
2205 919 2353 967 Max.
2377 931 2504 967 vm.
2523 923 2571 969 7.
2593 934 2696 968 non

1706 998 1766 1041 ut
1792 992 1965 1042 Livius
1989 993 2024 1043 l.
2049 1005 2259 1043 xxxix.
2294 1001 2349 1043 et
2383 993 2697 1044 Plutarchus
2785 1037 2788 1044 .

1704 1069 2101 1131 nonagenarius.

1643 1158 1794 1195 new.
1830 1145 1992 1195 Initio
2013 1145 2158 1195 tertii
2195 1144 2320 1195 belli
2344 1145 2530 1194 Punici
2566 1146 2699 1195 Kar·

1708 1222 1971 1286 thaginem
2008 1236 2145 1272 nova
2186 1222 2487 1271 molientem
2523 1222 2699 1272 delen·

1708 1300 1823 1348 dam
1844 1308 2046 1362 censet,
2059 1305 2328 1363 certatque
2346 1299 2399 1348 in
2415 1314 2478 1348 ea
2491 1308 2698 1348 senten·

1710 1375 1781 1424 tia
1822 1375 1888 1424 de
1927 1376 2062 1437 reip.
2107 1374 2277 1424 salute
2314 1380 2371 1424 et
2426 1376 2697 1424 commodo

1706 1466 1823 1500 cum
1844 1450 2089 1513 Scipione
2130 1451 2341 1506 Nasica,
2379 1451 2467 1515 qui
2492 1465 2699 1501 servan·

1708 1527 1827 1578 dam
1868 1527 2047 1576 urbem
2091 1528 2360 1589 censebat,
2400 1542 2467 1576 ne
2506 1528 2611 1577 otio
2646 1528 2700 1577 in

1712 1606 1887 1653 luxum
1913 1604 2166 1667 juventus
2194 1604 2422 1653 Romana
2441 1604 2699 1654 dilabere-

1710 1692 1811 1732 tur.
1876 1681 2112 1730 Pervicit
2132 1689 2306 1731 tamen
2330 1682 2589 1730 sententia
2602 1681 2702 1731 Ca·

1712 1761 1865 1809 tonis.
1929 1760 2129 1820 Livius,
2162 1759 2364 1823 Florus,
2401 1768 2586 1809 auctor
2619 1759 2699 1809 hic

1708 1837 1776 1886 de
1794 1838 1935 1886 Viris
1961 1836 2276 1885 Illustribus.

1644 1927 1776 1963 ncv.
1812 1914 1929 1963 Hoc
1974 1928 2107 1963 anuo
2145 1922 2401 1962 mortuum
2441 1914 2716 1977 suspicon*

1711 1990 1980 2054 octogiuta
2022 1990 2250 2055 quinque
2289 2005 2449 2039 annos
2504 1999 2698 2055 natum,

1710 2069 1860 2117 Coss.
1879 2069 1945 2118 P.
1965 2068 2247 2117 Censorino
2270 2074 2328 2116 et
2369 2069 2446 2117 Μ.
2479 2070 2695 2119 Manlio.
2791 2081 2794 2090 ·

1710 2144 2189 2201 Vell.Paterculus,
2224 2144 2406 2193 Cicero
2436 2145 2502 2194 de
2537 2146 2699 2195 Claris

1714 2220 2041 2275 Oratoribus,
2069 2229 2124 2271 et
2166 2221 2306 2269 Pliu.
2330 2222 2518 2270 Natur.
2562 2221 2701 2270 Hist.

1710 2309 1829 2345 xiv.
1850 2300 1900 2346 4.
1963 2296 2274 2346 Plutarchus
2301 2311 2423 2346 vero
2442 2303 2498 2346 et
2522 2298 2697 2347 Livius

1710 2373 2061 2436 nonagenario
2088 2374 2336 2437 majorem
2355 2372 2573 2431 faciunt,
2605 2374 2698 2423 sed

1710 2449 1991 2501 falluntur:
2045 2465 2173 2514 pace
2230 2466 2408 2500 eorum
2460 2452 2700 2502 dixerim.

1711 2527 1903 2577 Scitote.
2457 2522 2462 2529 ’
2582 2538 2588 2548 “

1710 2604 1844 2653 cin».
1868 2616 2070 2653 xnvtn.
2095 2606 2124 2668 ξ
2149 2607 2175 2652 1
2203 2603 2386 2668 Copii’s]
2410 2605 2659 2654 Exercitu
2684 2621 2698 2654 ε

1646 2694 1766 2729 nam
1797 2681 1848 2729 in
1872 2681 2125 2744 singulari
2157 2682 2520 2734 abundantiam
2544 2689 2600 2731 et
2630 2680 2703 2730 fa·-

1645 2758 1891 2806 cultatem
1911 2756 2102 2807 indicat
2120 2774 2136 2818 ;
2159 2759 2286 2807 licet
2301 2759 2574 2808 Sallustius
2592 2758 2701 2812 dix-

1646 2833 1747 2881 erit
1773 2831 2030 2894 profecto,
2063 2834 2079 2861 ⁴
2096 2833 2177 2882 Ex
2200 2835 2336 2883 omui
2352 2834 2505 2897 copia
2526 2833 2704 2883 Catili·

1645 2906 1762 2956 um!
1781 2908 1949 2957 Maeli.
2187 2939 2190 2942 Δ

1707 2983 1995 3047 Actumque]
2069 2983 2217 3034 Ordo
2272 2985 2356 3034 hic
2412 2984 2702 3052 verborum,

1643 3074 1794 3123 quem
1818 3062 2012 3122 recepi,
2033 3068 2115 3110 est
2137 3074 2202 3109 ex
2221 3062 2455 3111 omnihus
2482 3063 2694 3130 scriptis

1646 3143 1703 3185 et
1726 3136 1855 3187 edit.
1878 3137 2046 3186 Maeli.

1711 3211 1771 3260 Sa·
1790 3212 2075 3274 conjungere
2097 3211 2365 3262 Hannibali
2388 3213 2546 3276 copias
2562 3219 2702 3277 potu·

1645 3287 1783 3350 isset]
1806 3290 2031 3352 Reposui
2048 3290 2183 3353 quod
2200 3305 2298 3339 non
2314 3292 2476 3342 solum
2501 3292 2549 3339 iu
2573 3292 2701 3340 Mss.

1647 3366 1882 3415 omnibus
1905 3374 2007 3429 est,
2030 3382 2207 3417 verum
2232 3369 2390 3417 etiam
2415 3370 2575 3432 antiq.
2599 3369 2701 3419 Pa-

1648 3443 1734 3491 ris.
1758 3451 1810 3491 et
1835 3443 2014 3492 (ΞοΙοιι.ι
2034 3443 2285 3493 suadente
2316 3453 2371 3494 et
2391 3444 2612 3501 ratione,
2637 3460 2701 3494 ne

1648 3520 1830 3569 eadem
1847 3536 1947 3569 vox
1963 3522 2217 3571 inutiliter
2231 3529 2515 3583 repetatur.
2531 3522 2704 3572 Schot-

1648 3602 1742 3646 tus.
1806 3596 2122 3659 Simpliciter
2130 3597 2341 3659 ,iungere
2355 3598 2527 3649 Hann.
2545 3599 2701 3650 Fran·

1651 3687 1825 3721 verum
1871 3674 2131 3738 antiquam
2185 3676 2493 3736 scripturam
2542 3690 2704 3725 reser-

1641 3756 1840 3800 ¹varunt
1872 3751 2056 3814 reliqui
2094 3750 2277 3813 scripti
2296 3751 2503 3813 jungere
2536 3768 2589 3802 se
2618 3753 2702 3802 vel

1649 3841 1766 3888 sese,
1808 3827 2066 3890 quomodo
2111 3827 2268 3875 etiam
2311 3828 2444 3876 edit.
2479 3830 2613 3878 Ven.
2650 3837 2703 3879 et

1650 3903 1873 3966 Agripp.
1915 3902 2040 3952 Sine
2061 3902 2221 3952 dubio
2241 3902 2384 3953 hisce
2407 3906 2703 3955 mutationi·

1649 3978 1745 4027 bus
1762 3992 1996 4027 caussam
2025 3977 2191 4032 dedit.
2210 3978 2346 4042 quod
2378 3979 2706 4044 ignorabant,

1651 4061 1797 4103 recte
1819 4054 1977 4102 etiam
1999 4054 2102 4102 diei
2120 4053 2185 4102 de
2199 4053 2332 4103 duce
2341 4053 2550 4117 jungere
2564 4071 2632 4118 se,
2652 4063 2706 4106 ut

1651 4138 1791 4179 totns
1814 4129 1968 4177 etiam
1991 4129 2254 4178 exercitus
2280 4131 2430 4179 simul
2452 4133 2708 4195 intelliga-

1653 4213 1757 4255 tur.
1788 4205 1873 4254 Ita
1893 4212 2065 4254 tamen
2093 4204 2267 4254 Livius
2286 4218 2464 4258 xxm.
2483 4211 2567 4259 40.
2590 4208 2607 4234 ‘
2623 4209 2702 4258 Ea

1649 4281 1854 4335 occasio
1889 4279 2249 4348 Hampsicorae
2291 4283 2416 4334 data
2447 4283 2617 4338 Poeno
2648 4299 2705 4336 se
